Trade_Date,Make_Date,Index_Type,Security_Code,Time,Trade_Price,Price_Type,Trade_Volume,No,Contract_Month
20190401,20190329,73,164060073,163708379,25769,O,2,1,201906
20190401,20190329,73,164060073,164334081,25755,N,1,2,201906
20190401,20190329,73,164060073,165529993,25770,N,4,3,201906
20190401,20190329,73,164060073,165535996,25774,N,10,4,201906
20190401,20190329,73,164060073,165927395,25791,N,1,5,201906
20190401,20190329,73,164060073,171902025,25753,N,1,6,201906
20190401,20190329,73,164060073,172931607,25759,N,1,7,201906
20190401,20190329,73,164060073,173916092,25755,N,1,8,201906
20190401,20190329,73,164060073,175717471,25749,N,1,9,201906
20190401,20190329,73,164060073,183505709,25752,N,1,10,201906
20190401,20190329,73,164060073,190442880,25743,N,1,11,201906
20190401,20190329,73,164060073,192804592,25722,N,2,12,201906
20190401,20190329,73,164060073,194004983,25730,N,6,13,201906
20190401,20190329,73,164060073,194443426,25734,N,20,14,201906
20190401,20190329,73,164060073,194813870,25735,N,6,15,201906
20190401,20190329,73,164060073,194838992,25740,N,6,16,201906
20190401,20190329,73,164060073,195933772,25763,N,6,17,201906
20190401,20190329,73,164060073,200901761,25795,N,1,18,201906
20190401,20190329,73,164060073,200901822,25795,N,5,19,201906
20190401,20190329,73,164060073,201027538,25800,N,1,20,201906
20190401,20190329,73,164060073,201032379,25805,N,5,21,201906
20190401,20190329,73,164060073,201032417,25810,N,1,22,201906
20190401,20190329,73,164060073,201032425,25812,N,5,23,201906
20190401,20190329,73,164060073,201032888,25808,N,11,24,201906
20190401,20190329,73,164060073,201123387,25811,N,1,25,201906
20190401,20190329,73,164060073,201125068,25808,N,1,26,201906
20190401,20190329,73,164060073,201301415,25805,N,1,27,201906
20190401,20190329,73,164060073,201312387,25810,N,6,28,201906
20190401,20190329,73,164060073,201506244,25813,N,1,29,201906
20190401,20190329,73,164060073,201518781,25815,N,2,30,201906
20190401,20190329,73,164060073,201704975,25810,N,1,31,201906
20190401,20190329,73,164060073,201747492,25812,N,6,32,201906
20190401,20190329,73,164060073,201828933,25820,N,6,33,201906
20190401,20190329,73,164060073,201936173,25824,N,11,34,201906
20190401,20190329,73,164060073,202021062,25822,N,10,35,201906
20190401,20190329,73,164060073,202021088,25825,N,6,36,201906
20190401,20190329,73,164060073,202147494,25815,N,2,37,201906
20190401,20190329,73,164060073,202242398,25812,N,1,38,201906
20190401,20190329,73,164060073,202340369,25821,N,3,39,201906
20190401,20190329,73,164060073,202340493,25821,N,11,40,201906
20190401,20190329,73,164060073,202456722,25821,N,1,41,201906
20190401,20190329,73,164060073,203046688,25815,N,1,42,201906
20190401,20190329,73,164060073,203440275,25808,N,1,43,201906
20190401,20190329,73,164060073,203620565,25804,N,1,44,201906
20190401,20190329,73,164060073,203705533,25811,N,1,45,201906
20190401,20190329,73,164060073,203941518,25821,N,1,46,201906
20190401,20190329,73,164060073,204031277,25817,N,6,47,201906
20190401,20190329,73,164060073,204322746,25815,N,1,48,201906
20190401,20190329,73,164060073,204345789,25815,N,2,49,201906
20190401,20190329,73,164060073,204455723,25813,N,1,50,201906
20190401,20190329,73,164060073,204738098,25813,N,1,51,201906
20190401,20190329,73,164060073,204957591,25816,N,1,52,201906
20190401,20190329,73,164060073,205026162,25815,N,2,53,201906
20190401,20190329,73,164060073,205346430,25819,N,6,54,201906
20190401,20190329,73,164060073,205510840,25823,N,2,55,201906
20190401,20190329,73,164060073,210524623,25830,N,5,56,201906
20190401,20190329,73,164060073,210524661,25845,N,1,57,201906
20190401,20190329,73,164060073,210624038,25828,N,1,58,201906
20190401,20190329,73,164060073,210712092,25820,N,1,59,201906
20190401,20190329,73,164060073,211719740,25804,N,1,60,201906
20190401,20190329,73,164060073,213120202,25809,N,1,61,201906
20190401,20190329,73,164060073,213504764,25835,N,1,62,201906
20190401,20190329,73,164060073,213702014,25832,N,8,63,201906
20190401,20190329,73,164060073,214141773,25827,N,1,64,201906
20190401,20190329,73,164060073,214557295,25835,N,1,65,201906
20190401,20190329,73,164060073,215042963,25836,N,1,66,201906
20190401,20190329,73,164060073,215116841,25835,N,1,67,201906
20190401,20190329,73,164060073,215306990,25843,N,1,68,201906
20190401,20190329,73,164060073,215434543,25840,N,1,69,201906
20190401,20190329,73,164060073,215544173,25843,N,1,70,201906
20190401,20190329,73,164060073,215900308,25843,N,1,71,201906
20190401,20190329,73,164060073,220121693,25845,N,6,72,201906
20190401,20190329,73,164060073,220345349,25850,N,6,73,201906
20190401,20190329,73,164060073,220438553,25848,N,1,74,201906
20190401,20190329,73,164060073,221500075,25844,N,1,75,201906
20190401,20190329,73,164060073,221640719,25848,N,2,76,201906
20190401,20190329,73,164060073,221749416,25850,N,1,77,201906
20190401,20190329,73,164060073,221841200,25852,N,1,78,201906
20190401,20190329,73,164060073,221952982,25856,N,1,79,201906
20190401,20190329,73,164060073,222129594,25855,N,2,80,201906
20190401,20190329,73,164060073,222216068,25858,N,1,81,201906
20190401,20190329,73,164060073,222919843,25863,N,10,82,201906
20190401,20190329,73,164060073,222919844,25869,N,3,83,201906
20190401,20190329,73,164060073,222919844,25869,N,2,84,201906
20190401,20190329,73,164060073,223007182,25863,N,1,85,201906
20190401,20190329,73,164060073,223157941,25840,N,3,86,201906
20190401,20190329,73,164060073,223233409,25838,N,1,87,201906
20190401,20190329,73,164060073,223610332,25815,N,1,88,201906
20190401,20190329,73,164060073,224005371,25799,N,1,89,201906
20190401,20190329,73,164060073,224230061,25790,N,2,90,201906
20190401,20190329,73,164060073,224306045,25795,N,1,91,201906
20190401,20190329,73,164060073,224341203,25798,N,1,92,201906
20190401,20190329,73,164060073,224410186,25801,N,1,93,201906
20190401,20190329,73,164060073,224600325,25804,N,4,94,201906
20190401,20190329,73,164060073,224655505,25788,N,1,95,201906
20190401,20190329,73,164060073,224927372,25791,N,2,96,201906
20190401,20190329,73,164060073,225350142,25790,N,1,97,201906
20190401,20190329,73,164060073,232955461,25840,N,6,98,201906
20190401,20190329,73,164060073,234027412,25820,N,1,99,201906
20190401,20190329,73,164060073,234434644,25790,N,2,100,201906
20190401,20190329,73,164060073,234437091,25789,N,5,101,201906
20190401,20190329,73,164060073,234439680,25787,N,2,102,201906
20190401,20190329,73,164060073,235023424,25770,N,1,103,201906
20190401,20190329,73,164060073,235024876,25774,N,3,104,201906
20190401,20190329,73,164060073,235402536,25761,N,10,105,201906
20190401,20190329,73,164060073,235657835,25771,N,1,106,201906
20190401,20190329,73,164060073,235738725,25764,N,6,107,201906
20190401,20190329,73,164060073,000017393,25798,N,3,108,201906
20190401,20190329,73,164060073,000025218,25801,N,1,109,201906
20190401,20190329,73,164060073,000040674,25799,N,1,110,201906
20190401,20190329,73,164060073,000259248,25810,N,1,111,201906
20190401,20190329,73,164060073,000307197,25813,N,2,112,201906
20190401,20190329,73,164060073,000347216,25829,N,3,113,201906
20190401,20190329,73,164060073,000404304,25828,N,1,114,201906
20190401,20190329,73,164060073,000443858,25824,N,5,115,201906
20190401,20190329,73,164060073,001731178,25827,N,1,116,201906
20190401,20190329,73,164060073,002241711,25815,N,1,117,201906
20190401,20190329,73,164060073,003812854,25850,N,2,118,201906
20190401,20190329,73,164060073,003828549,25855,N,5,119,201906
20190401,20190329,73,164060073,004913955,25847,N,1,120,201906
20190401,20190329,73,164060073,005102574,25842,N,1,121,201906
20190401,20190329,73,164060073,005441020,25840,N,1,122,201906
20190401,20190329,73,164060073,005842750,25840,N,1,123,201906
20190401,20190329,73,164060073,011350424,25802,N,10,124,201906
20190401,20190329,73,164060073,011512515,25797,N,3,125,201906
20190401,20190329,73,164060073,011602209,25797,N,5,126,201906
20190401,20190329,73,164060073,011805077,25808,N,10,127,201906
20190401,20190329,73,164060073,011805077,25809,N,6,128,201906
20190401,20190329,73,164060073,011949700,25811,N,3,129,201906
20190401,20190329,73,164060073,012856704,25840,N,1,130,201906
20190401,20190329,73,164060073,013023001,25840,N,1,131,201906
20190401,20190329,73,164060073,013642730,25860,N,11,132,201906
20190401,20190329,73,164060073,013734879,25863,N,2,133,201906
20190401,20190329,73,164060073,013832252,25853,N,2,134,201906
20190401,20190329,73,164060073,015140797,25832,N,2,135,201906
20190401,20190329,73,164060073,015224364,25824,N,1,136,201906
20190401,20190329,73,164060073,020005151,25860,N,17,137,201906
20190401,20190329,73,164060073,020338106,25854,N,6,138,201906
20190401,20190329,73,164060073,020339431,25854,N,4,139,201906
20190401,20190329,73,164060073,021818604,25852,N,1,140,201906
20190401,20190329,73,164060073,030501782,25860,N,6,141,201906
20190401,20190329,73,164060073,030815596,25860,N,1,142,201906
20190401,20190329,73,164060073,031834611,25850,N,1,143,201906
20190401,20190329,73,164060073,032415488,25854,N,1,144,201906
20190401,20190329,73,164060073,032608650,25855,N,4,145,201906
20190401,20190329,73,164060073,034158901,25851,N,2,146,201906
20190401,20190329,73,164060073,035223693,25875,N,6,147,201906
20190401,20190329,73,164060073,035223792,25880,N,1,148,201906
20190401,20190329,73,164060073,035407552,25890,N,1,149,201906
20190401,20190329,73,164060073,040036345,25895,N,6,150,201906
20190401,20190329,73,164060073,040106844,25900,N,1,151,201906
20190401,20190329,73,164060073,040150394,25900,N,1,152,201906
20190401,20190329,73,164060073,041303978,25872,N,1,153,201906
20190401,20190329,73,164060073,041726596,25872,N,1,154,201906
20190401,20190329,73,164060073,043502651,25872,N,1,155,201906
20190401,20190329,73,164060073,044302921,25868,N,1,156,201906
20190401,20190329,73,164060073,045310029,25887,N,1,157,201906
20190401,20190329,73,164060073,045441712,25869,N,11,158,201906
20190401,20190329,73,164060073,045837743,25910,N,1,159,201906
20190401,20190329,73,164060073,045852794,25925,N,5,160,201906
20190401,20190329,73,164060073,050207891,25910,N,1,161,201906
20190401,20190329,73,164060073,050505824,25916,N,1,162,201906
20190401,20190329,73,164060073,050515798,25929,N,2,163,201906
20190401,20190329,73,164060073,050758205,25907,N,1,164,201906
20190401,20190329,73,164060073,050839990,25917,N,1,165,201906
20190401,20190329,73,164060073,050847317,25914,N,1,166,201906
20190401,20190329,73,164060073,050912847,25913,N,1,167,201906
20190401,20190329,73,164060073,050937731,25915,N,1,168,201906
20190401,20190329,73,164060073,050948183,25907,N,1,169,201906
20190401,20190329,73,164060073,051101946,25908,N,1,170,201906
20190401,20190329,73,164060073,051826820,25908,E,1,171,201906
20190401,20190401,73,164060073,084501050,26033,O,18,172,201906
20190401,20190401,73,164060073,084501114,26036,N,3,173,201906
20190401,20190401,73,164060073,084501114,26036,N,1,174,201906
20190401,20190401,73,164060073,084611334,26057,N,10,175,201906
20190401,20190401,73,164060073,084611394,26058,N,1,176,201906
20190401,20190401,73,164060073,084622079,26057,N,1,177,201906
20190401,20190401,73,164060073,084635772,26057,N,1,178,201906
20190401,20190401,73,164060073,084640749,26034,N,1,179,201906
20190401,20190401,73,164060073,085002506,26038,N,1,180,201906
20190401,20190401,73,164060073,085021716,26041,N,3,181,201906
20190401,20190401,73,164060073,085040923,26039,N,1,182,201906
20190401,20190401,73,164060073,085300187,26041,N,1,183,201906
20190401,20190401,73,164060073,085452191,26048,N,1,184,201906
20190401,20190401,73,164060073,085717328,26050,N,2,185,201906
20190401,20190401,73,164060073,090257698,26045,N,1,186,201906
20190401,20190401,73,164060073,090509424,26048,N,10,187,201906
20190401,20190401,73,164060073,090708548,26052,N,11,188,201906
20190401,20190401,73,164060073,090708557,26058,N,1,189,201906
20190401,20190401,73,164060073,090821471,26068,N,4,190,201906
20190401,20190401,73,164060073,090824792,26068,N,1,191,201906
20190401,20190401,73,164060073,091216977,26070,N,1,192,201906
20190401,20190401,73,164060073,091242824,26079,N,1,193,201906
20190401,20190401,73,164060073,091247862,26080,N,1,194,201906
20190401,20190401,73,164060073,091441205,26068,N,1,195,201906
20190401,20190401,73,164060073,091442917,26072,N,1,196,201906
20190401,20190401,73,164060073,091508300,26068,N,11,197,201906
20190401,20190401,73,164060073,091559000,26068,N,10,198,201906
20190401,20190401,73,164060073,091559077,26068,N,11,199,201906
20190401,20190401,73,164060073,091600302,26068,N,11,200,201906
20190401,20190401,73,164060073,091601104,26068,N,11,201,201906
20190401,20190401,73,164060073,091758619,26072,N,1,202,201906
20190401,20190401,73,164060073,091854914,26073,N,1,203,201906
20190401,20190401,73,164060073,092113987,26080,N,1,204,201906
20190401,20190401,73,164060073,092146030,26077,N,1,205,201906
20190401,20190401,73,164060073,092155564,26074,N,1,206,201906
20190401,20190401,73,164060073,092203012,26077,N,1,207,201906
20190401,20190401,73,164060073,092656956,26074,N,1,208,201906
20190401,20190401,73,164060073,092935600,26068,N,11,209,201906
20190401,20190401,73,164060073,092936479,26068,N,10,210,201906
20190401,20190401,73,164060073,092939303,26068,N,10,211,201906
20190401,20190401,73,164060073,092939304,26068,N,11,212,201906
20190401,20190401,73,164060073,092939304,26068,N,1,213,201906
20190401,20190401,73,164060073,092944168,26068,N,2,214,201906
20190401,20190401,73,164060073,094320153,26069,N,10,215,201906
20190401,20190401,73,164060073,094320153,26070,N,10,216,201906
20190401,20190401,73,164060073,095828246,26064,N,1,217,201906
20190401,20190401,73,164060073,100246203,26070,N,1,218,201906
20190401,20190401,73,164060073,100340486,26076,N,4,219,201906
20190401,20190401,73,164060073,100441547,26077,N,1,220,201906
20190401,20190401,73,164060073,100600536,26075,N,1,221,201906
20190401,20190401,73,164060073,100840918,26065,N,2,222,201906
20190401,20190401,73,164060073,101433069,26065,N,1,223,201906
20190401,20190401,73,164060073,101528877,26062,N,1,224,201906
20190401,20190401,73,164060073,102257651,26059,N,1,225,201906
20190401,20190401,73,164060073,103057348,26069,N,1,226,201906
20190401,20190401,73,164060073,103227634,26071,N,1,227,201906
20190401,20190401,73,164060073,104500059,26075,N,21,228,201906
20190401,20190401,73,164060073,104500064,26075,N,9,229,201906
20190401,20190401,73,164060073,104500064,26075,N,1,230,201906
20190401,20190401,73,164060073,104500066,26076,N,1,231,201906
20190401,20190401,73,164060073,104500108,26076,N,9,232,201906
20190401,20190401,73,164060073,104703942,26072,N,3,233,201906
20190401,20190401,73,164060073,105509893,26080,N,4,234,201906
20190401,20190401,73,164060073,105604903,26081,N,3,235,201906
20190401,20190401,73,164060073,110156020,26070,N,1,236,201906
20190401,20190401,73,164060073,110649308,26079,N,2,237,201906
20190401,20190401,73,164060073,111444299,26086,N,1,238,201906
20190401,20190401,73,164060073,111954642,26086,N,1,239,201906
20190401,20190401,73,164060073,112141728,26086,N,1,240,201906
20190401,20190401,73,164060073,112535293,26096,N,1,241,201906
20190401,20190401,73,164060073,112652018,26093,N,1,242,201906
20190401,20190401,73,164060073,112927939,26100,N,6,243,201906
20190401,20190401,73,164060073,113250249,26102,N,1,244,201906
20190401,20190401,73,164060073,114326636,26100,N,1,245,201906
20190401,20190401,73,164060073,114423108,26098,N,10,246,201906
20190401,20190401,73,164060073,114429216,26098,N,10,247,201906
20190401,20190401,73,164060073,114620540,26096,N,1,248,201906
20190401,20190401,73,164060073,114906449,26097,N,10,249,201906
20190401,20190401,73,164060073,114906449,26096,N,5,250,201906
20190401,20190401,73,164060073,115210174,26102,N,1,251,201906
20190401,20190401,73,164060073,115556068,26090,N,1,252,201906
20190401,20190401,73,164060073,121152642,26090,N,2,253,201906
20190401,20190401,73,164060073,122821054,26094,N,8,254,201906
20190401,20190401,73,164060073,122846823,26090,N,1,255,201906
20190401,20190401,73,164060073,122915167,26082,N,3,256,201906
20190401,20190401,73,164060073,123621702,26080,N,4,257,201906
20190401,20190401,73,164060073,123723821,26080,N,2,258,201906
20190401,20190401,73,164060073,124057476,26080,N,2,259,201906
20190401,20190401,73,164060073,124403672,26074,N,2,260,201906
20190401,20190401,73,164060073,124421771,26074,N,1,261,201906
20190401,20190401,73,164060073,124525964,26076,N,3,262,201906
20190401,20190401,73,164060073,125012209,26080,N,8,263,201906
20190401,20190401,73,164060073,125714313,26080,N,1,264,201906
20190401,20190401,73,164060073,131217286,26066,N,1,265,201906
20190401,20190401,73,164060073,131231649,26059,N,1,266,201906
20190401,20190401,73,164060073,131958805,26067,N,3,267,201906
20190401,20190401,73,164060073,132658013,26067,N,1,268,201906
20190401,20190401,73,164060073,132835565,26064,N,1,269,201906
20190401,20190401,73,164060073,133001374,26065,N,1,270,201906
20190401,20190401,73,164060073,133136604,26060,N,2,271,201906
20190401,20190401,73,164060073,133354952,26070,N,1,272,201906
20190401,20190401,73,164060073,133447794,26062,N,8,273,201906
20190401,20190401,73,164060073,133905052,26070,N,1,274,201906
20190401,20190401,73,164060073,134541719,26066,N,1,275,201906
20190401,20190401,73,164060073,134640150,26060,N,1,276,201906
20190401,20190401,73,164060073,134710544,26060,N,3,277,201906
20190401,20190401,73,164060073,134759330,26060,N,1,278,201906
20190401,20190401,73,164060073,140013105,26071,N,1,279,201906
20190401,20190401,73,164060073,140422739,26070,N,1,280,201906
20190401,20190401,73,164060073,140947793,26074,N,1,281,201906
20190401,20190401,73,164060073,141152705,26074,N,1,282,201906
20190401,20190401,73,164060073,141238522,26072,N,1,283,201906
20190401,20190401,73,164060073,142519173,26075,N,1,284,201906
20190401,20190401,73,164060073,142753481,26069,N,1,285,201906
20190401,20190401,73,164060073,144019258,26082,N,2,286,201906
20190401,20190401,73,164060073,144029657,26082,N,1,287,201906
20190401,20190401,73,164060073,144655519,26074,N,1,288,201906
20190401,20190401,73,164060073,145138287,26066,N,31,289,201906
20190401,20190401,73,164060073,145138287,26065,N,10,290,201906
20190401,20190401,73,164060073,145621180,26068,N,1,291,201906
20190401,20190401,73,164060073,145736701,26070,N,1,292,201906
20190401,20190401,73,164060073,150350976,26060,N,2,293,201906
20190401,20190401,73,164060073,151501008,26070,E,2,294,201906
20190401,20190401,73,164090073,084501050,25931,O,5,295,201909
20190401,20190401,73,164090073,114310638,26030,E,1,296,201909
20190401,20190401,73,164120073,092118175,25961,O,1,297,201912
20190401,20190401,73,164120073,092123641,25975,N,2,298,201912
20190401,20190401,73,164120073,104642254,25975,E,3,299,201912
20190401,20190401,73,165030073,112617733,25968,O,1,300,202003
20190402,20190401,73,164060073,163536855,26069,O,1,1,201906
20190402,20190401,73,164060073,163554503,26070,N,5,2,201906
20190402,20190401,73,164060073,165226465,26091,N,1,3,201906
20190402,20190401,73,164060073,170219830,26094,N,10,4,201906
20190402,20190401,73,164060073,171227821,26082,N,9,5,201906
20190402,20190401,73,164060073,171718885,26095,N,1,6,201906
20190402,20190401,73,164060073,171907899,26100,N,2,7,201906
20190402,20190401,73,164060073,173220980,26113,N,1,8,201906
20190402,20190401,73,164060073,173622947,26127,N,1,9,201906
20190402,20190401,73,164060073,173643719,26127,N,1,10,201906
20190402,20190401,73,164060073,174337949,26120,N,10,11,201906
20190402,20190401,73,164060073,174832303,26119,N,5,12,201906
20190402,20190401,73,164060073,180030581,26104,N,1,13,201906
20190402,20190401,73,164060073,180427475,26105,N,1,14,201906
20190402,20190401,73,164060073,181956860,26102,N,1,15,201906
20190402,20190401,73,164060073,183154878,26090,N,4,16,201906
20190402,20190401,73,164060073,185434293,26092,N,2,17,201906
20190402,20190401,73,164060073,194810740,26080,N,10,18,201906
20190402,20190401,73,164060073,195457664,26074,N,1,19,201906
20190402,20190401,73,164060073,200257211,26072,N,2,20,201906
20190402,20190401,73,164060073,200407045,26078,N,1,21,201906
20190402,20190401,73,164060073,201147824,26091,N,1,22,201906
20190402,20190401,73,164060073,201533458,26089,N,1,23,201906
20190402,20190401,73,164060073,203218367,26105,N,1,24,201906
20190402,20190401,73,164060073,204244217,26095,N,1,25,201906
20190402,20190401,73,164060073,212238789,26107,N,1,26,201906
20190402,20190401,73,164060073,213000878,26095,N,1,27,201906
20190402,20190401,73,164060073,213000878,26090,N,5,28,201906
20190402,20190401,73,164060073,213322003,26094,N,3,29,201906
20190402,20190401,73,164060073,213412064,26094,N,1,30,201906
20190402,20190401,73,164060073,213537547,26104,N,2,31,201906
20190402,20190401,73,164060073,213549053,26105,N,1,32,201906
20190402,20190401,73,164060073,214041348,26115,N,1,33,201906
20190402,20190401,73,164060073,214505836,26115,N,2,34,201906
20190402,20190401,73,164060073,214623356,26120,N,1,35,201906
20190402,20190401,73,164060073,215555486,26107,N,2,36,201906
20190402,20190401,73,164060073,220907846,26114,N,1,37,201906
20190402,20190401,73,164060073,221234492,26109,N,1,38,201906
20190402,20190401,73,164060073,221434231,26110,N,1,39,201906
20190402,20190401,73,164060073,221627424,26123,N,1,40,201906
20190402,20190401,73,164060073,221644460,26132,N,6,41,201906
20190402,20190401,73,164060073,221814820,26127,N,1,42,201906
20190402,20190401,73,164060073,222619047,26120,N,1,43,201906
20190402,20190401,73,164060073,222826773,26124,N,2,44,201906
20190402,20190401,73,164060073,223000325,26122,N,6,45,201906
20190402,20190401,73,164060073,223617541,26068,N,1,46,201906
20190402,20190401,73,164060073,223646988,26079,N,11,47,201906
20190402,20190401,73,164060073,223706947,26075,N,11,48,201906
20190402,20190401,73,164060073,223801178,26076,N,1,49,201906
20190402,20190401,73,164060073,223812473,26065,N,5,50,201906
20190402,20190401,73,164060073,223827228,26061,N,1,51,201906
20190402,20190401,73,164060073,223840743,26057,N,1,52,201906
20190402,20190401,73,164060073,223840942,26060,N,1,53,201906
20190402,20190401,73,164060073,224046774,26067,N,1,54,201906
20190402,20190401,73,164060073,224046774,26065,N,2,55,201906
20190402,20190401,73,164060073,224348693,26057,N,1,56,201906
20190402,20190401,73,164060073,224701916,26066,N,1,57,201906
20190402,20190401,73,164060073,225209336,26091,N,2,58,201906
20190402,20190401,73,164060073,225547713,26085,N,2,59,201906
20190402,20190401,73,164060073,225626584,26074,N,1,60,201906
20190402,20190401,73,164060073,230001607,26100,N,2,61,201906
20190402,20190401,73,164060073,230123677,26138,N,11,62,201906
20190402,20190401,73,164060073,230123783,26138,N,11,63,201906
20190402,20190401,73,164060073,230243090,26145,N,1,64,201906
20190402,20190401,73,164060073,230243091,26149,N,1,65,201906
20190402,20190401,73,164060073,230247619,26145,N,1,66,201906
20190402,20190401,73,164060073,230622987,26128,N,1,67,201906
20190402,20190401,73,164060073,230753248,26123,N,1,68,201906
20190402,20190401,73,164060073,230807881,26125,N,1,69,201906
20190402,20190401,73,164060073,230948487,26110,N,10,70,201906
20190402,20190401,73,164060073,231037699,26100,N,1,71,201906
20190402,20190401,73,164060073,231556100,26107,N,1,72,201906
20190402,20190401,73,164060073,232019180,26136,N,1,73,201906
20190402,20190401,73,164060073,232851711,26121,N,1,74,201906
20190402,20190401,73,164060073,233015406,26135,N,1,75,201906
20190402,20190401,73,164060073,233125629,26130,N,1,76,201906
20190402,20190401,73,164060073,233413979,26136,N,1,77,201906
20190402,20190401,73,164060073,234402590,26150,N,1,78,201906
20190402,20190401,73,164060073,234801229,26145,N,1,79,201906
20190402,20190401,73,164060073,235006255,26147,N,5,80,201906
20190402,20190401,73,164060073,235309874,26136,N,1,81,201906
20190402,20190401,73,164060073,235552833,26144,N,1,82,201906
20190402,20190401,73,164060073,000306450,26153,N,1,83,201906
20190402,20190401,73,164060073,000306450,26154,N,1,84,201906
20190402,20190401,73,164060073,000306454,26155,N,9,85,201906
20190402,20190401,73,164060073,000315231,26160,N,1,86,201906
20190402,20190401,73,164060073,000323112,26162,N,1,87,201906
20190402,20190401,73,164060073,000324613,26163,N,1,88,201906
20190402,20190401,73,164060073,000344396,26165,N,5,89,201906
20190402,20190401,73,164060073,000430547,26166,N,1,90,201906
20190402,20190401,73,164060073,000818426,26160,N,1,91,201906
20190402,20190401,73,164060073,001052635,26157,N,1,92,201906
20190402,20190401,73,164060073,001603028,26166,N,1,93,201906
20190402,20190401,73,164060073,001915091,26170,N,1,94,201906
20190402,20190401,73,164060073,001915164,26172,N,1,95,201906
20190402,20190401,73,164060073,001952024,26172,N,3,96,201906
20190402,20190401,73,164060073,002055241,26166,N,1,97,201906
20190402,20190401,73,164060073,002055242,26160,N,1,98,201906
20190402,20190401,73,164060073,002607960,26160,N,2,99,201906
20190402,20190401,73,164060073,010738828,26147,N,4,100,201906
20190402,20190401,73,164060073,011644213,26153,N,10,101,201906
20190402,20190401,73,164060073,012004387,26159,N,1,102,201906
20190402,20190401,73,164060073,012111674,26159,N,10,103,201906
20190402,20190401,73,164060073,012551592,26160,N,2,104,201906
20190402,20190401,73,164060073,012835085,26158,N,1,105,201906
20190402,20190401,73,164060073,020015422,26181,N,1,106,201906
20190402,20190401,73,164060073,020709277,26169,N,1,107,201906
20190402,20190401,73,164060073,021300968,26166,N,1,108,201906
20190402,20190401,73,164060073,022018273,26164,N,1,109,201906
20190402,20190401,73,164060073,030209778,26190,N,1,110,201906
20190402,20190401,73,164060073,030243654,26193,N,1,111,201906
20190402,20190401,73,164060073,030711825,26193,N,10,112,201906
20190402,20190401,73,164060073,030803702,26200,N,6,113,201906
20190402,20190401,73,164060073,030803703,26200,N,5,114,201906
20190402,20190401,73,164060073,030803826,26200,N,5,115,201906
20190402,20190401,73,164060073,031229011,26222,N,11,116,201906
20190402,20190401,73,164060073,031451667,26218,N,1,117,201906
20190402,20190401,73,164060073,031857991,26202,N,5,118,201906
20190402,20190401,73,164060073,032938684,26203,N,1,119,201906
20190402,20190401,73,164060073,033051118,26204,N,3,120,201906
20190402,20190401,73,164060073,040514339,26192,N,1,121,201906
20190402,20190401,73,164060073,044633001,26220,N,1,122,201906
20190402,20190401,73,164060073,045252974,26228,N,10,123,201906
20190402,20190401,73,164060073,045253078,26230,N,1,124,201906
20190402,20190401,73,164060073,045401191,26233,N,1,125,201906
20190402,20190401,73,164060073,045437264,26245,N,2,126,201906
20190402,20190401,73,164060073,045438279,26250,N,1,127,201906
20190402,20190401,73,164060073,045438280,26250,N,3,128,201906
20190402,20190401,73,164060073,045438280,26250,N,2,129,201906
20190402,20190401,73,164060073,045500165,26250,N,1,130,201906
20190402,20190401,73,164060073,045615943,26252,N,1,131,201906
20190402,20190401,73,164060073,045650526,26259,N,1,132,201906
20190402,20190401,73,164060073,045741389,26258,N,5,133,201906
20190402,20190401,73,164060073,045756403,26250,N,1,134,201906
20190402,20190401,73,164060073,045756794,26251,N,1,135,201906
20190402,20190401,73,164060073,050047222,26223,N,2,136,201906
20190402,20190401,73,164060073,050255792,26219,N,6,137,201906
20190402,20190401,73,164060073,051209382,26232,E,1,138,201906
20190402,20190402,73,164060073,084501051,26225,O,7,139,201906
20190402,20190402,73,164060073,085240654,26233,N,1,140,201906
20190402,20190402,73,164060073,085503586,26239,N,1,141,201906
20190402,20190402,73,164060073,090010920,26254,N,1,142,201906
20190402,20190402,73,164060073,090051462,26251,N,1,143,201906
20190402,20190402,73,164060073,090211555,26248,N,2,144,201906
20190402,20190402,73,164060073,090433341,26246,N,10,145,201906
20190402,20190402,73,164060073,090459648,26248,N,1,146,201906
20190402,20190402,73,164060073,090533805,26249,N,1,147,201906
20190402,20190402,73,164060073,090700446,26244,N,1,148,201906
20190402,20190402,73,164060073,090706415,26244,N,1,149,201906
20190402,20190402,73,164060073,091010960,26234,N,1,150,201906
20190402,20190402,73,164060073,091102015,26240,N,1,151,201906
20190402,20190402,73,164060073,091403774,26232,N,1,152,201906
20190402,20190402,73,164060073,091553590,26231,N,1,153,201906
20190402,20190402,73,164060073,091733156,26232,N,10,154,201906
20190402,20190402,73,164060073,092921268,26238,N,1,155,201906
20190402,20190402,73,164060073,093016727,26238,N,1,156,201906
20190402,20190402,73,164060073,094008954,26248,N,1,157,201906
20190402,20190402,73,164060073,100538075,26225,N,2,158,201906
20190402,20190402,73,164060073,102559505,26231,N,1,159,201906
20190402,20190402,73,164060073,102811608,26235,N,1,160,201906
20190402,20190402,73,164060073,103207121,26227,N,1,161,201906
20190402,20190402,73,164060073,103448788,26230,N,1,162,201906
20190402,20190402,73,164060073,104532551,26211,N,1,163,201906
20190402,20190402,73,164060073,104655583,26212,N,1,164,201906
20190402,20190402,73,164060073,110008736,26222,N,1,165,201906
20190402,20190402,73,164060073,110008736,26221,N,4,166,201906
20190402,20190402,73,164060073,110021610,26224,N,1,167,201906
20190402,20190402,73,164060073,110748295,26215,N,1,168,201906
20190402,20190402,73,164060073,110756515,26215,N,1,169,201906
20190402,20190402,73,164060073,112033239,26215,N,1,170,201906
20190402,20190402,73,164060073,113713972,26220,N,1,171,201906
20190402,20190402,73,164060073,114833951,26204,N,1,172,201906
20190402,20190402,73,164060073,114931540,26204,N,1,173,201906
20190402,20190402,73,164060073,115047639,26205,N,1,174,201906
20190402,20190402,73,164060073,115243694,26202,N,1,175,201906
20190402,20190402,73,164060073,120649878,26213,N,2,176,201906
20190402,20190402,73,164060073,120914051,26218,N,1,177,201906
20190402,20190402,73,164060073,121257044,26216,N,2,178,201906
20190402,20190402,73,164060073,121347469,26214,N,1,179,201906
20190402,20190402,73,164060073,121934626,26214,N,2,180,201906
20190402,20190402,73,164060073,123020533,26215,N,1,181,201906
20190402,20190402,73,164060073,123213805,26215,N,1,182,201906
20190402,20190402,73,164060073,123740601,26212,N,1,183,201906
20190402,20190402,73,164060073,124536232,26200,N,1,184,201906
20190402,20190402,73,164060073,124536232,26201,N,1,185,201906
20190402,20190402,73,164060073,130336904,26203,N,5,186,201906
20190402,20190402,73,164060073,131000695,26204,N,1,187,201906
20190402,20190402,73,164060073,131003557,26205,N,1,188,201906
20190402,20190402,73,164060073,135140585,26200,N,1,189,201906
20190402,20190402,73,164060073,135339897,26200,N,2,190,201906
20190402,20190402,73,164060073,135523882,26199,N,8,191,201906
20190402,20190402,73,164060073,135609275,26207,N,1,192,201906
20190402,20190402,73,164060073,140111291,26202,N,1,193,201906
20190402,20190402,73,164060073,140531007,26213,N,8,194,201906
20190402,20190402,73,164060073,141522374,26210,N,1,195,201906
20190402,20190402,73,164060073,143922603,26210,N,1,196,201906
20190402,20190402,73,164060073,144859890,26210,N,1,197,201906
20190402,20190402,73,164060073,145232346,26208,N,8,198,201906
20190402,20190402,73,164060073,145939754,26201,N,1,199,201906
20190402,20190402,73,164060073,150123054,26200,N,1,200,201906
20190402,20190402,73,164060073,150558803,26208,N,1,201,201906
20190402,20190402,73,164060073,150707961,26203,N,2,202,201906
20190402,20190402,73,164060073,150726986,26202,E,1,203,201906
20190402,20190401,73,164090073,174815747,26050,O,5,204,201909
20190402,20190401,73,164090073,001845660,26100,N,1,205,201909
20190402,20190401,73,164090073,030150679,26119,N,1,206,201909
20190402,20190401,73,164090073,030230654,26120,E,1,207,201909
20190402,20190401,73,164120073,173148254,26000,O,1,208,201912
20190402,20190401,73,164120073,053001019,26002,E,1,209,201912
20190403,20190402,73,164060073,164228452,26192,O,1,1,201906
20190403,20190402,73,164060073,165635202,26200,N,1,2,201906
20190403,20190402,73,164060073,171548469,26200,N,2,3,201906
20190403,20190402,73,164060073,171603892,26200,N,3,4,201906
20190403,20190402,73,164060073,171640243,26210,N,1,5,201906
20190403,20190402,73,164060073,171823574,26212,N,1,6,201906
20190403,20190402,73,164060073,172159080,26210,N,8,7,201906
20190403,20190402,73,164060073,181136012,26214,N,1,8,201906
20190403,20190402,73,164060073,182403557,26213,N,1,9,201906
20190403,20190402,73,164060073,182853298,26218,N,10,10,201906
20190403,20190402,73,164060073,182855583,26223,N,1,11,201906
20190403,20190402,73,164060073,184620446,26225,N,1,12,201906
20190403,20190402,73,164060073,185305033,26235,N,1,13,201906
20190403,20190402,73,164060073,185409983,26235,N,8,14,201906
20190403,20190402,73,164060073,185917511,26230,N,2,15,201906
20190403,20190402,73,164060073,190205527,26230,N,6,16,201906
20190403,20190402,73,164060073,190356218,26233,N,2,17,201906
20190403,20190402,73,164060073,190702402,26230,N,1,18,201906
20190403,20190402,73,164060073,190913411,26230,N,1,19,201906
20190403,20190402,73,164060073,191257159,26235,N,1,20,201906
20190403,20190402,73,164060073,191601308,26231,N,1,21,201906
20190403,20190402,73,164060073,192014530,26230,N,1,22,201906
20190403,20190402,73,164060073,192145185,26230,N,2,23,201906
20190403,20190402,73,164060073,192727550,26230,N,1,24,201906
20190403,20190402,73,164060073,193044824,26235,N,10,25,201906
20190403,20190402,73,164060073,193047319,26235,N,7,26,201906
20190403,20190402,73,164060073,193428239,26240,N,1,27,201906
20190403,20190402,73,164060073,193540600,26237,N,1,28,201906
20190403,20190402,73,164060073,193811844,26242,N,1,29,201906
20190403,20190402,73,164060073,200258946,26232,N,1,30,201906
20190403,20190402,73,164060073,201509568,26228,N,4,31,201906
20190403,20190402,73,164060073,201521669,26230,N,2,32,201906
20190403,20190402,73,164060073,201804265,26229,N,2,33,201906
20190403,20190402,73,164060073,202125117,26228,N,1,34,201906
20190403,20190402,73,164060073,203456050,26231,N,2,35,201906
20190403,20190402,73,164060073,204807151,26223,N,1,36,201906
20190403,20190402,73,164060073,205144885,26226,N,1,37,201906
20190403,20190402,73,164060073,210132140,26231,N,1,38,201906
20190403,20190402,73,164060073,210133733,26238,N,3,39,201906
20190403,20190402,73,164060073,210227572,26236,N,3,40,201906
20190403,20190402,73,164060073,210542870,26235,N,14,41,201906
20190403,20190402,73,164060073,210852836,26232,N,1,42,201906
20190403,20190402,73,164060073,211229286,26235,N,1,43,201906
20190403,20190402,73,164060073,212136628,26240,N,1,44,201906
20190403,20190402,73,164060073,212937066,26221,N,1,45,201906
20190403,20190402,73,164060073,212937066,26220,N,9,46,201906
20190403,20190402,73,164060073,212937067,26219,N,11,47,201906
20190403,20190402,73,164060073,212937067,26216,N,10,48,201906
20190403,20190402,73,164060073,212937067,26214,N,1,49,201906
20190403,20190402,73,164060073,213628237,26225,N,1,50,201906
20190403,20190402,73,164060073,213833326,26228,N,3,51,201906
20190403,20190402,73,164060073,214937650,26219,N,1,52,201906
20190403,20190402,73,164060073,215807698,26222,N,3,53,201906
20190403,20190402,73,164060073,220032093,26218,N,1,54,201906
20190403,20190402,73,164060073,220417009,26207,N,1,55,201906
20190403,20190402,73,164060073,220608516,26208,N,1,56,201906
20190403,20190402,73,164060073,221816765,26201,N,1,57,201906
20190403,20190402,73,164060073,221820642,26200,N,5,58,201906
20190403,20190402,73,164060073,222102119,26193,N,1,59,201906
20190403,20190402,73,164060073,223330480,26162,N,1,60,201906
20190403,20190402,73,164060073,223330481,26154,N,3,61,201906
20190403,20190402,73,164060073,223407079,26150,N,5,62,201906
20190403,20190402,73,164060073,223415833,26150,N,3,63,201906
20190403,20190402,73,164060073,223453815,26148,N,1,64,201906
20190403,20190402,73,164060073,223535672,26149,N,1,65,201906
20190403,20190402,73,164060073,223743596,26160,N,15,66,201906
20190403,20190402,73,164060073,223747335,26154,N,2,67,201906
20190403,20190402,73,164060073,223824002,26156,N,1,68,201906
20190403,20190402,73,164060073,223854340,26163,N,2,69,201906
20190403,20190402,73,164060073,223915768,26162,N,1,70,201906
20190403,20190402,73,164060073,224340323,26160,N,1,71,201906
20190403,20190402,73,164060073,224504012,26160,N,1,72,201906
20190403,20190402,73,164060073,224626317,26179,N,1,73,201906
20190403,20190402,73,164060073,224709996,26183,N,1,74,201906
20190403,20190402,73,164060073,224734820,26183,N,1,75,201906
20190403,20190402,73,164060073,224743672,26187,N,1,76,201906
20190403,20190402,73,164060073,224751031,26184,N,1,77,201906
20190403,20190402,73,164060073,224901606,26197,N,3,78,201906
20190403,20190402,73,164060073,224935141,26198,N,1,79,201906
20190403,20190402,73,164060073,225002242,26182,N,1,80,201906
20190403,20190402,73,164060073,225440942,26181,N,1,81,201906
20190403,20190402,73,164060073,225526658,26183,N,1,82,201906
20190403,20190402,73,164060073,225547790,26177,N,1,83,201906
20190403,20190402,73,164060073,225909368,26177,N,10,84,201906
20190403,20190402,73,164060073,230148808,26156,N,1,85,201906
20190403,20190402,73,164060073,230307622,26141,N,1,86,201906
20190403,20190402,73,164060073,230401093,26126,N,1,87,201906
20190403,20190402,73,164060073,230418140,26126,N,2,88,201906
20190403,20190402,73,164060073,230425262,26137,N,1,89,201906
20190403,20190402,73,164060073,230511809,26142,N,1,90,201906
20190403,20190402,73,164060073,230759976,26151,N,1,91,201906
20190403,20190402,73,164060073,232206128,26162,N,1,92,201906
20190403,20190402,73,164060073,232316631,26159,N,1,93,201906
20190403,20190402,73,164060073,232833232,26160,N,1,94,201906
20190403,20190402,73,164060073,233002268,26180,N,1,95,201906
20190403,20190402,73,164060073,233042555,26166,N,1,96,201906
20190403,20190402,73,164060073,233144981,26163,N,1,97,201906
20190403,20190402,73,164060073,233529911,26167,N,1,98,201906
20190403,20190402,73,164060073,233533750,26167,N,1,99,201906
20190403,20190402,73,164060073,233704707,26166,N,1,100,201906
20190403,20190402,73,164060073,233832040,26166,N,1,101,201906
20190403,20190402,73,164060073,234023909,26137,N,1,102,201906
20190403,20190402,73,164060073,234327537,26139,N,2,103,201906
20190403,20190402,73,164060073,235129454,26159,N,1,104,201906
20190403,20190402,73,164060073,235441146,26159,N,1,105,201906
20190403,20190402,73,164060073,000032525,26148,N,5,106,201906
20190403,20190402,73,164060073,000203857,26140,N,1,107,201906
20190403,20190402,73,164060073,000325469,26134,N,2,108,201906
20190403,20190402,73,164060073,000346156,26121,N,1,109,201906
20190403,20190402,73,164060073,000754952,26128,N,2,110,201906
20190403,20190402,73,164060073,001154112,26111,N,1,111,201906
20190403,20190402,73,164060073,001154906,26110,N,4,112,201906
20190403,20190402,73,164060073,001214585,26103,N,2,113,201906
20190403,20190402,73,164060073,001511562,26106,N,1,114,201906
20190403,20190402,73,164060073,001642321,26120,N,1,115,201906
20190403,20190402,73,164060073,001803022,26127,N,1,116,201906
20190403,20190402,73,164060073,001953005,26129,N,1,117,201906
20190403,20190402,73,164060073,002520806,26135,N,1,118,201906
20190403,20190402,73,164060073,005049486,26155,N,6,119,201906
20190403,20190402,73,164060073,005049610,26155,N,1,120,201906
20190403,20190402,73,164060073,005258697,26155,N,2,121,201906
20190403,20190402,73,164060073,005352511,26163,N,1,122,201906
20190403,20190402,73,164060073,005353671,26163,N,2,123,201906
20190403,20190402,73,164060073,005717893,26156,N,1,124,201906
20190403,20190402,73,164060073,010303404,26159,N,1,125,201906
20190403,20190402,73,164060073,012240393,26120,N,2,126,201906
20190403,20190402,73,164060073,012505697,26114,N,1,127,201906
20190403,20190402,73,164060073,020923457,26157,N,1,128,201906
20190403,20190402,73,164060073,023132881,26133,N,1,129,201906
20190403,20190402,73,164060073,034309364,26152,N,2,130,201906
20190403,20190402,73,164060073,035919345,26160,N,1,131,201906
20190403,20190402,73,164060073,040018761,26163,N,1,132,201906
20190403,20190402,73,164060073,040220390,26167,N,1,133,201906
20190403,20190402,73,164060073,041517048,26167,N,1,134,201906
20190403,20190402,73,164060073,043756175,26171,N,1,135,201906
20190403,20190402,73,164060073,050459763,26130,E,1,136,201906
20190403,20190403,73,164060073,084501051,26129,O,8,137,201906
20190403,20190403,73,164060073,085312119,26132,N,1,138,201906
20190403,20190403,73,164060073,085339813,26135,N,1,139,201906
20190403,20190403,73,164060073,085425238,26130,N,1,140,201906
20190403,20190403,73,164060073,090430247,26110,N,1,141,201906
20190403,20190403,73,164060073,090517198,26113,N,2,142,201906
20190403,20190403,73,164060073,091825447,26116,N,1,143,201906
20190403,20190403,73,164060073,091839595,26116,N,1,144,201906
20190403,20190403,73,164060073,092525472,26120,N,1,145,201906
20190403,20190403,73,164060073,092621484,26120,N,1,146,201906
20190403,20190403,73,164060073,093059833,26128,N,1,147,201906
20190403,20190403,73,164060073,093546588,26142,N,1,148,201906
20190403,20190403,73,164060073,094005221,26141,N,1,149,201906
20190403,20190403,73,164060073,094336955,26180,N,1,150,201906
20190403,20190403,73,164060073,094340686,26176,N,1,151,201906
20190403,20190403,73,164060073,094643056,26175,N,2,152,201906
20190403,20190403,73,164060073,095258217,26194,N,2,153,201906
20190403,20190403,73,164060073,095316520,26194,N,1,154,201906
20190403,20190403,73,164060073,095404448,26196,N,1,155,201906
20190403,20190403,73,164060073,095404956,26200,N,1,156,201906
20190403,20190403,73,164060073,095408872,26207,N,1,157,201906
20190403,20190403,73,164060073,095417399,26218,N,1,158,201906
20190403,20190403,73,164060073,095542605,26214,N,1,159,201906
20190403,20190403,73,164060073,095648353,26215,N,2,160,201906
20190403,20190403,73,164060073,095800381,26223,N,1,161,201906
20190403,20190403,73,164060073,101324946,26195,N,2,162,201906
20190403,20190403,73,164060073,102608916,26195,N,1,163,201906
20190403,20190403,73,164060073,102615573,26195,N,1,164,201906
20190403,20190403,73,164060073,102954928,26182,N,20,165,201906
20190403,20190403,73,164060073,102954937,26188,N,10,166,201906
20190403,20190403,73,164060073,103502002,26209,N,2,167,201906
20190403,20190403,73,164060073,103950017,26215,N,1,168,201906
20190403,20190403,73,164060073,104500060,26223,N,1,169,201906
20190403,20190403,73,164060073,104501213,26233,N,1,170,201906
20190403,20190403,73,164060073,104502283,26240,N,2,171,201906
20190403,20190403,73,164060073,104506138,26242,N,1,172,201906
20190403,20190403,73,164060073,104547904,26246,N,3,173,201906
20190403,20190403,73,164060073,104547905,26246,N,1,174,201906
20190403,20190403,73,164060073,104614082,26244,N,1,175,201906
20190403,20190403,73,164060073,104617054,26236,N,10,176,201906
20190403,20190403,73,164060073,104617054,26235,N,4,177,201906
20190403,20190403,73,164060073,104824654,26247,N,1,178,201906
20190403,20190403,73,164060073,104938194,26236,N,1,179,201906
20190403,20190403,73,164060073,105722443,26226,N,1,180,201906
20190403,20190403,73,164060073,110904806,26224,N,2,181,201906
20190403,20190403,73,164060073,111224871,26233,N,4,182,201906
20190403,20190403,73,164060073,111337485,26222,N,2,183,201906
20190403,20190403,73,164060073,112317387,26224,N,1,184,201906
20190403,20190403,73,164060073,112533613,26224,N,1,185,201906
20190403,20190403,73,164060073,113550911,26224,N,1,186,201906
20190403,20190403,73,164060073,115004072,26225,N,1,187,201906
20190403,20190403,73,164060073,115633794,26226,N,4,188,201906
20190403,20190403,73,164060073,115833153,26226,N,2,189,201906
20190403,20190403,73,164060073,120848441,26211,N,1,190,201906
20190403,20190403,73,164060073,121008825,26213,N,2,191,201906
20190403,20190403,73,164060073,121136018,26214,N,1,192,201906
20190403,20190403,73,164060073,122417226,26212,N,4,193,201906
20190403,20190403,73,164060073,124831650,26211,N,1,194,201906
20190403,20190403,73,164060073,140504627,26226,N,2,195,201906
20190403,20190403,73,164060073,142308490,26218,N,1,196,201906
20190403,20190403,73,164060073,142444926,26224,N,1,197,201906
20190403,20190403,73,164060073,142535414,26224,N,1,198,201906
20190403,20190403,73,164060073,142935849,26219,N,10,199,201906
20190403,20190403,73,164060073,143009114,26211,N,1,200,201906
20190403,20190403,73,164060073,144334455,26224,N,4,201,201906
20190403,20190403,73,164060073,144742699,26215,N,1,202,201906
20190403,20190403,73,164060073,145117722,26209,N,1,203,201906
20190403,20190403,73,164060073,145523367,26209,N,1,204,201906
20190403,20190403,73,164060073,145720237,26215,N,1,205,201906
20190403,20190403,73,164060073,150804887,26230,N,1,206,201906
20190403,20190403,73,164060073,151501009,26234,E,1,207,201906
20190403,20190402,73,164090073,230405309,26100,O,1,208,201909
20190403,20190403,73,164090073,094332389,26100,O,1,209,201909
20190403,20190403,73,164090073,104858759,26150,E,1,210,201909
20190404,20190403,73,164060073,163001046,26242,O,1,1,201906
20190404,20190403,73,164060073,163349742,26255,N,1,2,201906
20190404,20190403,73,164060073,163426999,26252,N,1,3,201906
20190404,20190403,73,164060073,163949659,26240,N,2,4,201906
20190404,20190403,73,164060073,164039745,26236,N,10,5,201906
20190404,20190403,73,164060073,164039745,26234,N,10,6,201906
20190404,20190403,73,164060073,164039745,26231,N,10,7,201906
20190404,20190403,73,164060073,164346640,26235,N,10,8,201906
20190404,20190403,73,164060073,164526526,26238,N,1,9,201906
20190404,20190403,73,164060073,164826528,26240,N,2,10,201906
20190404,20190403,73,164060073,164925276,26239,N,4,11,201906
20190404,20190403,73,164060073,165115830,26250,N,30,12,201906
20190404,20190403,73,164060073,165421437,26262,N,21,13,201906
20190404,20190403,73,164060073,165421437,26263,N,10,14,201906
20190404,20190403,73,164060073,165422118,26263,N,9,15,201906
20190404,20190403,73,164060073,170747287,26252,N,10,16,201906
20190404,20190403,73,164060073,170752648,26250,N,12,17,201906
20190404,20190403,73,164060073,170819733,26250,N,18,18,201906
20190404,20190403,73,164060073,170926066,26255,N,4,19,201906
20190404,20190403,73,164060073,171159202,26249,N,1,20,201906
20190404,20190403,73,164060073,171301174,26251,N,1,21,201906
20190404,20190403,73,164060073,171628812,26253,N,1,22,201906
20190404,20190403,73,164060073,172035136,26252,N,2,23,201906
20190404,20190403,73,164060073,172227511,26255,N,1,24,201906
20190404,20190403,73,164060073,172524230,26251,N,1,25,201906
20190404,20190403,73,164060073,172733194,26250,N,1,26,201906
20190404,20190403,73,164060073,174957445,26250,N,1,27,201906
20190404,20190403,73,164060073,175249116,26253,N,1,28,201906
20190404,20190403,73,164060073,184632429,26248,N,2,29,201906
20190404,20190403,73,164060073,184956410,26242,N,3,30,201906
20190404,20190403,73,164060073,185237533,26239,N,10,31,201906
20190404,20190403,73,164060073,190429159,26239,N,1,32,201906
20190404,20190403,73,164060073,190630249,26237,N,1,33,201906
20190404,20190403,73,164060073,191340724,26233,N,3,34,201906
20190404,20190403,73,164060073,191622888,26233,N,2,35,201906
20190404,20190403,73,164060073,193958889,26240,N,3,36,201906
20190404,20190403,73,164060073,195951583,26240,N,5,37,201906
20190404,20190403,73,164060073,201129498,26248,N,1,38,201906
20190404,20190403,73,164060073,201615407,26250,N,1,39,201906
20190404,20190403,73,164060073,202316550,26254,N,1,40,201906
20190404,20190403,73,164060073,204215091,26253,N,1,41,201906
20190404,20190403,73,164060073,204723890,26252,N,1,42,201906
20190404,20190403,73,164060073,210146377,26260,N,1,43,201906
20190404,20190403,73,164060073,210200262,26270,N,11,44,201906
20190404,20190403,73,164060073,210539114,26279,N,4,45,201906
20190404,20190403,73,164060073,210632336,26280,N,4,46,201906
20190404,20190403,73,164060073,210708728,26273,N,1,47,201906
20190404,20190403,73,164060073,210839913,26270,N,1,48,201906
20190404,20190403,73,164060073,211601485,26259,N,10,49,201906
20190404,20190403,73,164060073,211601489,26260,N,11,50,201906
20190404,20190403,73,164060073,211640704,26264,N,10,51,201906
20190404,20190403,73,164060073,211930673,26262,N,10,52,201906
20190404,20190403,73,164060073,211930673,26263,N,40,53,201906
20190404,20190403,73,164060073,212254191,26252,N,1,54,201906
20190404,20190403,73,164060073,213017455,26254,N,1,55,201906
20190404,20190403,73,164060073,213454267,26265,N,1,56,201906
20190404,20190403,73,164060073,213455325,26266,N,2,57,201906
20190404,20190403,73,164060073,215251470,26255,N,1,58,201906
20190404,20190403,73,164060073,215436009,26257,N,1,59,201906
20190404,20190403,73,164060073,223713261,26206,N,4,60,201906
20190404,20190403,73,164060073,223714196,26206,N,2,61,201906
20190404,20190403,73,164060073,223726937,26207,N,4,62,201906
20190404,20190403,73,164060073,223747216,26207,N,4,63,201906
20190404,20190403,73,164060073,223823292,26212,N,1,64,201906
20190404,20190403,73,164060073,224009233,26199,N,3,65,201906
20190404,20190403,73,164060073,224010140,26191,N,1,66,201906
20190404,20190403,73,164060073,224102661,26204,N,3,67,201906
20190404,20190403,73,164060073,224144071,26208,N,1,68,201906
20190404,20190403,73,164060073,225129289,26178,N,10,69,201906
20190404,20190403,73,164060073,225606915,26197,N,5,70,201906
20190404,20190403,73,164060073,225856887,26184,N,5,71,201906
20190404,20190403,73,164060073,230000069,26165,N,1,72,201906
20190404,20190403,73,164060073,230003355,26146,N,2,73,201906
20190404,20190403,73,164060073,230027270,26153,N,1,74,201906
20190404,20190403,73,164060073,230254153,26150,N,6,75,201906
20190404,20190403,73,164060073,230254293,26150,N,6,76,201906
20190404,20190403,73,164060073,230255312,26150,N,3,77,201906
20190404,20190403,73,164060073,231950581,26193,N,5,78,201906
20190404,20190403,73,164060073,232035092,26200,N,6,79,201906
20190404,20190403,73,164060073,232037009,26194,N,1,80,201906
20190404,20190403,73,164060073,232105243,26197,N,3,81,201906
20190404,20190403,73,164060073,232124622,26198,N,1,82,201906
20190404,20190403,73,164060073,233312258,26195,N,3,83,201906
20190404,20190403,73,164060073,233321933,26200,N,1,84,201906
20190404,20190403,73,164060073,234023269,26210,N,1,85,201906
20190404,20190403,73,164060073,234837796,26177,N,1,86,201906
20190404,20190403,73,164060073,235538789,26210,N,2,87,201906
20190404,20190403,73,164060073,235952086,26215,N,1,88,201906
20190404,20190403,73,164060073,000017857,26214,N,1,89,201906
20190404,20190403,73,164060073,000218118,26236,N,1,90,201906
20190404,20190403,73,164060073,000526707,26245,N,1,91,201906
20190404,20190403,73,164060073,000709177,26247,N,1,92,201906
20190404,20190403,73,164060073,000720596,26248,N,1,93,201906
20190404,20190403,73,164060073,000743576,26245,N,1,94,201906
20190404,20190403,73,164060073,000757364,26242,N,2,95,201906
20190404,20190403,73,164060073,001907438,26238,N,1,96,201906
20190404,20190403,73,164060073,003400751,26241,N,1,97,201906
20190404,20190403,73,164060073,003401269,26247,N,1,98,201906
20190404,20190403,73,164060073,005128166,26247,N,1,99,201906
20190404,20190403,73,164060073,005200755,26249,N,1,100,201906
20190404,20190403,73,164060073,005240880,26257,N,1,101,201906
20190404,20190403,73,164060073,005256122,26262,N,1,102,201906
20190404,20190403,73,164060073,005256123,26267,N,10,103,201906
20190404,20190403,73,164060073,005256126,26268,N,10,104,201906
20190404,20190403,73,164060073,005256126,26269,N,10,105,201906
20190404,20190403,73,164060073,005256170,26266,N,11,106,201906
20190404,20190403,73,164060073,005810584,26257,N,1,107,201906
20190404,20190403,73,164060073,010136487,26240,N,1,108,201906
20190404,20190403,73,164060073,013637305,26249,N,1,109,201906
20190404,20190403,73,164060073,014450221,26241,N,1,110,201906
20190404,20190403,73,164060073,014926292,26237,N,1,111,201906
20190404,20190403,73,164060073,021439538,26231,N,1,112,201906
20190404,20190403,73,164060073,024043015,26208,N,20,113,201906
20190404,20190403,73,164060073,024043136,26209,N,4,114,201906
20190404,20190403,73,164060073,024435108,26199,N,1,115,201906
20190404,20190403,73,164060073,025102725,26180,N,5,116,201906
20190404,20190403,73,164060073,025349129,26171,N,1,117,201906
20190404,20190403,73,164060073,025746426,26158,N,1,118,201906
20190404,20190403,73,164060073,030310525,26150,N,1,119,201906
20190404,20190403,73,164060073,030704439,26169,N,7,120,201906
20190404,20190403,73,164060073,040716088,26170,N,1,121,201906
20190404,20190403,73,164060073,040905240,26157,N,1,122,201906
20190404,20190403,73,164060073,042029724,26128,N,1,123,201906
20190404,20190403,73,164060073,042029725,26122,N,5,124,201906
20190404,20190403,73,164060073,044417327,26187,N,1,125,201906
20190404,20190403,73,164060073,045500199,26205,N,1,126,201906
20190404,20190403,73,164060073,045522142,26209,N,6,127,201906
20190404,20190403,73,164060073,045722206,26211,E,1,128,201906
20190404,20190404,73,164060073,084501051,26250,O,5,129,201906
20190404,20190404,73,164060073,084559055,26249,N,2,130,201906
20190404,20190404,73,164060073,084606650,26247,N,2,131,201906
20190404,20190404,73,164060073,084658315,26242,N,1,132,201906
20190404,20190404,73,164060073,084721083,26242,N,5,133,201906
20190404,20190404,73,164060073,085052726,26244,N,1,134,201906
20190404,20190404,73,164060073,085659578,26250,N,1,135,201906
20190404,20190404,73,164060073,085935426,26250,N,3,136,201906
20190404,20190404,73,164060073,090139701,26233,N,3,137,201906
20190404,20190404,73,164060073,090244836,26228,N,3,138,201906
20190404,20190404,73,164060073,090311037,26228,N,33,139,201906
20190404,20190404,73,164060073,090321852,26228,N,10,140,201906
20190404,20190404,73,164060073,090322056,26228,N,4,141,201906
20190404,20190404,73,164060073,090901087,26230,N,2,142,201906
20190404,20190404,73,164060073,091447688,26235,N,5,143,201906
20190404,20190404,73,164060073,091536106,26240,N,2,144,201906
20190404,20190404,73,164060073,091816686,26250,N,1,145,201906
20190404,20190404,73,164060073,091841818,26253,N,1,146,201906
20190404,20190404,73,164060073,091841818,26254,N,1,147,201906
20190404,20190404,73,164060073,093204355,26250,N,8,148,201906
20190404,20190404,73,164060073,093321654,26249,N,8,149,201906
20190404,20190404,73,164060073,093803845,26250,N,1,150,201906
20190404,20190404,73,164060073,093828282,26243,N,2,151,201906
20190404,20190404,73,164060073,094047665,26243,N,1,152,201906
20190404,20190404,73,164060073,094448512,26245,N,2,153,201906
20190404,20190404,73,164060073,100833401,26262,N,4,154,201906
20190404,20190404,73,164060073,102308066,26259,N,1,155,201906
20190404,20190404,73,164060073,102407228,26257,N,3,156,201906
20190404,20190404,73,164060073,104811372,26274,N,1,157,201906
20190404,20190404,73,164060073,104811373,26281,N,1,158,201906
20190404,20190404,73,164060073,105528777,26284,N,1,159,201906
20190404,20190404,73,164060073,105933780,26280,N,1,160,201906
20190404,20190404,73,164060073,111526577,26273,N,1,161,201906
20190404,20190404,73,164060073,112108365,26273,N,1,162,201906
20190404,20190404,73,164060073,112310263,26284,N,3,163,201906
20190404,20190404,73,164060073,113052041,26273,N,1,164,201906
20190404,20190404,73,164060073,114047036,26280,N,5,165,201906
20190404,20190404,73,164060073,114831077,26270,N,11,166,201906
20190404,20190404,73,164060073,114849886,26270,N,1,167,201906
20190404,20190404,73,164060073,114931775,26270,N,7,168,201906
20190404,20190404,73,164060073,115024710,26267,N,1,169,201906
20190404,20190404,73,164060073,120452369,26246,N,4,170,201906
20190404,20190404,73,164060073,124205132,26228,N,1,171,201906
20190404,20190404,73,164060073,131924089,26233,N,2,172,201906
20190404,20190404,73,164060073,132346181,26235,N,1,173,201906
20190404,20190404,73,164060073,132400778,26235,N,1,174,201906
20190404,20190404,73,164060073,133736606,26225,N,4,175,201906
20190404,20190404,73,164060073,133835002,26238,N,1,176,201906
20190404,20190404,73,164060073,142046891,26245,N,1,177,201906
20190404,20190404,73,164060073,143827604,26236,N,2,178,201906
20190404,20190404,73,164060073,145755135,26245,N,1,179,201906
20190404,20190404,73,164060073,150926358,26216,N,3,180,201906
20190404,20190404,73,164060073,151501009,26238,E,1,181,201906
20190405,20190404,73,164060073,163001046,26238,O,4,1,201906
20190405,20190404,73,164060073,173247258,26216,N,3,2,201906
20190405,20190404,73,164060073,173925967,26197,N,2,3,201906
20190405,20190404,73,164060073,180017776,26204,N,3,4,201906
20190405,20190404,73,164060073,183719389,26198,N,1,5,201906
20190405,20190404,73,164060073,184058593,26191,N,1,6,201906
20190405,20190404,73,164060073,191247475,26216,N,1,7,201906
20190405,20190404,73,164060073,191746014,26216,N,1,8,201906
20190405,20190404,73,164060073,192818370,26198,N,1,9,201906
20190405,20190404,73,164060073,193420750,26200,N,1,10,201906
20190405,20190404,73,164060073,193731825,26209,N,5,11,201906
20190405,20190404,73,164060073,194648620,26223,N,1,12,201906
20190405,20190404,73,164060073,195748068,26225,N,1,13,201906
20190405,20190404,73,164060073,201140309,26218,N,1,14,201906
20190405,20190404,73,164060073,203000329,26220,N,41,15,201906
20190405,20190404,73,164060073,203000335,26222,N,10,16,201906
20190405,20190404,73,164060073,203000498,26228,N,10,17,201906
20190405,20190404,73,164060073,203910651,26228,N,1,18,201906
20190405,20190404,73,164060073,204315720,26226,N,1,19,201906
20190405,20190404,73,164060073,204801473,26225,N,1,20,201906
20190405,20190404,73,164060073,204902637,26220,N,1,21,201906
20190405,20190404,73,164060073,210540660,26220,N,10,22,201906
20190405,20190404,73,164060073,213743308,26230,N,1,23,201906
20190405,20190404,73,164060073,222102184,26230,N,1,24,201906
20190405,20190404,73,164060073,223158261,26210,N,1,25,201906
20190405,20190404,73,164060073,223617503,26270,N,1,26,201906
20190405,20190404,73,164060073,223815731,26300,N,1,27,201906
20190405,20190404,73,164060073,223815732,26300,N,1,28,201906
20190405,20190404,73,164060073,223823081,26300,N,1,29,201906
20190405,20190404,73,164060073,223848536,26298,N,1,30,201906
20190405,20190404,73,164060073,223856150,26300,N,8,31,201906
20190405,20190404,73,164060073,223911045,26299,N,2,32,201906
20190405,20190404,73,164060073,223914547,26303,N,1,33,201906
20190405,20190404,73,164060073,224008390,26316,N,1,34,201906
20190405,20190404,73,164060073,224008391,26325,N,3,35,201906
20190405,20190404,73,164060073,224008392,26325,N,1,36,201906
20190405,20190404,73,164060073,224013000,26323,N,6,37,201906
20190405,20190404,73,164060073,224025692,26324,N,4,38,201906
20190405,20190404,73,164060073,224027326,26320,N,1,39,201906
20190405,20190404,73,164060073,224250560,26303,N,1,40,201906
20190405,20190404,73,164060073,224251468,26304,N,2,41,201906
20190405,20190404,73,164060073,224337277,26300,N,1,42,201906
20190405,20190404,73,164060073,224403223,26300,N,1,43,201906
20190405,20190404,73,164060073,224531578,26320,N,1,44,201906
20190405,20190404,73,164060073,224616636,26330,N,2,45,201906
20190405,20190404,73,164060073,224655003,26334,N,1,46,201906
20190405,20190404,73,164060073,224733787,26326,N,1,47,201906
20190405,20190404,73,164060073,224750380,26333,N,1,48,201906
20190405,20190404,73,164060073,224849857,26323,N,10,49,201906
20190405,20190404,73,164060073,224922027,26320,N,1,50,201906
20190405,20190404,73,164060073,224946409,26320,N,1,51,201906
20190405,20190404,73,164060073,225001943,26323,N,1,52,201906
20190405,20190404,73,164060073,225026013,26332,N,1,53,201906
20190405,20190404,73,164060073,225041630,26334,N,1,54,201906
20190405,20190404,73,164060073,225057340,26340,N,1,55,201906
20190405,20190404,73,164060073,225315155,26331,N,1,56,201906
20190405,20190404,73,164060073,225419058,26326,N,3,57,201906
20190405,20190404,73,164060073,225624199,26324,N,1,58,201906
20190405,20190404,73,164060073,225855173,26330,N,1,59,201906
20190405,20190404,73,164060073,230107520,26338,N,1,60,201906
20190405,20190404,73,164060073,230121162,26341,N,1,61,201906
20190405,20190404,73,164060073,230141314,26346,N,1,62,201906
20190405,20190404,73,164060073,230347691,26346,N,1,63,201906
20190405,20190404,73,164060073,230412239,26345,N,3,64,201906
20190405,20190404,73,164060073,230542360,26335,N,1,65,201906
20190405,20190404,73,164060073,230603326,26345,N,4,66,201906
20190405,20190404,73,164060073,230745422,26339,N,1,67,201906
20190405,20190404,73,164060073,230918926,26333,N,1,68,201906
20190405,20190404,73,164060073,231231268,26345,N,1,69,201906
20190405,20190404,73,164060073,231311319,26346,N,1,70,201906
20190405,20190404,73,164060073,232121358,26333,N,1,71,201906
20190405,20190404,73,164060073,232121359,26333,N,6,72,201906
20190405,20190404,73,164060073,232408929,26329,N,2,73,201906
20190405,20190404,73,164060073,232603224,26330,N,1,74,201906
20190405,20190404,73,164060073,232634092,26333,N,1,75,201906
20190405,20190404,73,164060073,233208598,26308,N,1,76,201906
20190405,20190404,73,164060073,233210496,26298,N,1,77,201906
20190405,20190404,73,164060073,233304039,26305,N,1,78,201906
20190405,20190404,73,164060073,233828364,26310,N,2,79,201906
20190405,20190404,73,164060073,233957767,26313,N,1,80,201906
20190405,20190404,73,164060073,233958319,26312,N,3,81,201906
20190405,20190404,73,164060073,234534799,26335,N,1,82,201906
20190405,20190404,73,164060073,234652511,26335,N,3,83,201906
20190405,20190404,73,164060073,234700367,26338,N,3,84,201906
20190405,20190404,73,164060073,234834499,26345,N,1,85,201906
20190405,20190404,73,164060073,234846399,26349,N,1,86,201906
20190405,20190404,73,164060073,234846400,26350,N,16,87,201906
20190405,20190404,73,164060073,234846401,26352,N,1,88,201906
20190405,20190404,73,164060073,234846401,26352,N,9,89,201906
20190405,20190404,73,164060073,234846650,26356,N,1,90,201906
20190405,20190404,73,164060073,235125119,26351,N,1,91,201906
20190405,20190404,73,164060073,235212237,26360,N,1,92,201906
20190405,20190404,73,164060073,235450840,26372,N,1,93,201906
20190405,20190404,73,164060073,235450841,26373,N,1,94,201906
20190405,20190404,73,164060073,235502583,26372,N,1,95,201906
20190405,20190404,73,164060073,235506698,26373,N,4,96,201906
20190405,20190404,73,164060073,235606331,26368,N,1,97,201906
20190405,20190404,73,164060073,000222633,26360,N,1,98,201906
20190405,20190404,73,164060073,000736014,26361,N,1,99,201906
20190405,20190404,73,164060073,000808096,26364,N,1,100,201906
20190405,20190404,73,164060073,000841937,26363,N,1,101,201906
20190405,20190404,73,164060073,001307360,26357,N,2,102,201906
20190405,20190404,73,164060073,001604939,26327,N,1,103,201906
20190405,20190404,73,164060073,002144827,26312,N,1,104,201906
20190405,20190404,73,164060073,002325513,26328,N,1,105,201906
20190405,20190404,73,164060073,002730159,26342,N,20,106,201906
20190405,20190404,73,164060073,002731701,26342,N,12,107,201906
20190405,20190404,73,164060073,002803410,26342,N,10,108,201906
20190405,20190404,73,164060073,002803614,26342,N,10,109,201906
20190405,20190404,73,164060073,002803830,26342,N,10,110,201906
20190405,20190404,73,164060073,002804001,26342,N,10,111,201906
20190405,20190404,73,164060073,002804046,26342,N,10,112,201906
20190405,20190404,73,164060073,002850644,26342,N,10,113,201906
20190405,20190404,73,164060073,002851003,26342,N,8,114,201906
20190405,20190404,73,164060073,003247874,26341,N,1,115,201906
20190405,20190404,73,164060073,003440800,26341,N,1,116,201906
20190405,20190404,73,164060073,004718980,26347,N,1,117,201906
20190405,20190404,73,164060073,004811246,26357,N,5,118,201906
20190405,20190404,73,164060073,005802351,26334,N,11,119,201906
20190405,20190404,73,164060073,005812419,26337,N,11,120,201906
20190405,20190404,73,164060073,005855556,26330,N,17,121,201906
20190405,20190404,73,164060073,010057471,26331,N,6,122,201906
20190405,20190404,73,164060073,010150253,26320,N,1,123,201906
20190405,20190404,73,164060073,010201654,26313,N,11,124,201906
20190405,20190404,73,164060073,011509046,26317,N,2,125,201906
20190405,20190404,73,164060073,011512800,26313,N,11,126,201906
20190405,20190404,73,164060073,011512958,26313,N,11,127,201906
20190405,20190404,73,164060073,011513455,26313,N,11,128,201906
20190405,20190404,73,164060073,011513730,26313,N,11,129,201906
20190405,20190404,73,164060073,011513882,26313,N,11,130,201906
20190405,20190404,73,164060073,011515614,26313,N,4,131,201906
20190405,20190404,73,164060073,011516271,26313,N,30,132,201906
20190405,20190404,73,164060073,012942048,26316,N,3,133,201906
20190405,20190404,73,164060073,013237836,26307,N,1,134,201906
20190405,20190404,73,164060073,014430341,26305,N,1,135,201906
20190405,20190404,73,164060073,014533760,26291,N,1,136,201906
20190405,20190404,73,164060073,020016612,26311,N,1,137,201906
20190405,20190404,73,164060073,021849707,26301,N,1,138,201906
20190405,20190404,73,164060073,023750712,26317,N,10,139,201906
20190405,20190404,73,164060073,023753976,26318,N,1,140,201906
20190405,20190404,73,164060073,024644318,26317,N,10,141,201906
20190405,20190404,73,164060073,024647802,26317,N,10,142,201906
20190405,20190404,73,164060073,024659497,26318,N,1,143,201906
20190405,20190404,73,164060073,024751189,26325,N,1,144,201906
20190405,20190404,73,164060073,025023738,26315,N,1,145,201906
20190405,20190404,73,164060073,031405614,26329,N,1,146,201906
20190405,20190404,73,164060073,032234404,26347,N,1,147,201906
20190405,20190404,73,164060073,032538998,26344,N,3,148,201906
20190405,20190404,73,164060073,033307806,26344,N,3,149,201906
20190405,20190404,73,164060073,034427789,26348,N,10,150,201906
20190405,20190404,73,164060073,040327279,26356,N,1,151,201906
20190405,20190404,73,164060073,041419079,26348,N,1,152,201906
20190405,20190404,73,164060073,042703562,26352,N,1,153,201906
20190405,20190404,73,164060073,043402643,26367,N,1,154,201906
20190405,20190404,73,164060073,043402644,26370,N,1,155,201906
20190405,20190404,73,164060073,043402644,26371,N,4,156,201906
20190405,20190404,73,164060073,043805643,26373,N,1,157,201906
20190405,20190404,73,164060073,044230372,26358,N,10,158,201906
20190405,20190404,73,164060073,045344948,26375,N,1,159,201906
20190405,20190404,73,164060073,045500115,26383,N,1,160,201906
20190405,20190404,73,164060073,052352752,26345,N,1,161,201906
20190405,20190404,73,164060073,053001020,26390,E,2,162,201906
20190405,20190405,73,164060073,084527372,26356,O,1,163,201906
20190405,20190405,73,164060073,084528243,26348,N,1,164,201906
20190405,20190405,73,164060073,084539189,26358,N,3,165,201906
20190405,20190405,73,164060073,084548904,26358,N,1,166,201906
20190405,20190405,73,164060073,084610259,26359,N,2,167,201906
20190405,20190405,73,164060073,084827676,26362,N,2,168,201906
20190405,20190405,73,164060073,084831954,26361,N,1,169,201906
20190405,20190405,73,164060073,085024949,26364,N,10,170,201906
20190405,20190405,73,164060073,085417190,26350,N,2,171,201906
20190405,20190405,73,164060073,090233080,26347,N,1,172,201906
20190405,20190405,73,164060073,090350473,26360,N,1,173,201906
20190405,20190405,73,164060073,090420093,26383,N,4,174,201906
20190405,20190405,73,164060073,090437941,26400,N,2,175,201906
20190405,20190405,73,164060073,090438072,26405,N,1,176,201906
20190405,20190405,73,164060073,090808857,26392,N,1,177,201906
20190405,20190405,73,164060073,091127604,26380,N,2,178,201906
20190405,20190405,73,164060073,091127605,26380,N,5,179,201906
20190405,20190405,73,164060073,091143723,26384,N,1,180,201906
20190405,20190405,73,164060073,091243152,26376,N,10,181,201906
20190405,20190405,73,164060073,092810305,26401,N,1,182,201906
20190405,20190405,73,164060073,093007778,26405,N,1,183,201906
20190405,20190405,73,164060073,093031289,26405,N,1,184,201906
20190405,20190405,73,164060073,093551496,26410,N,1,185,201906
20190405,20190405,73,164060073,093551496,26409,N,1,186,201906
20190405,20190405,73,164060073,094009070,26407,N,10,187,201906
20190405,20190405,73,164060073,094400349,26407,N,3,188,201906
20190405,20190405,73,164060073,100112477,26400,N,1,189,201906
20190405,20190405,73,164060073,100309662,26400,N,1,190,201906
20190405,20190405,73,164060073,101536081,26393,N,2,191,201906
20190405,20190405,73,164060073,102212684,26400,N,2,192,201906
20190405,20190405,73,164060073,102855194,26390,N,1,193,201906
20190405,20190405,73,164060073,103039781,26391,N,3,194,201906
20190405,20190405,73,164060073,105733633,26403,N,1,195,201906
20190405,20190405,73,164060073,111458332,26400,N,1,196,201906
20190405,20190405,73,164060073,112604481,26390,N,1,197,201906
20190405,20190405,73,164060073,114003047,26403,N,10,198,201906
20190405,20190405,73,164060073,114003047,26404,N,21,199,201906
20190405,20190405,73,164060073,114004004,26404,N,11,200,201906
20190405,20190405,73,164060073,114004210,26404,N,8,201,201906
20190405,20190405,73,164060073,114903916,26403,N,50,202,201906
20190405,20190405,73,164060073,114924807,26403,N,1,203,201906
20190405,20190405,73,164060073,115858132,26407,N,1,204,201906
20190405,20190405,73,164060073,120946480,26409,N,5,205,201906
20190405,20190405,73,164060073,121109575,26402,N,1,206,201906
20190405,20190405,73,164060073,123312538,26406,N,20,207,201906
20190405,20190405,73,164060073,124305804,26411,N,3,208,201906
20190405,20190405,73,164060073,125927508,26412,N,1,209,201906
20190405,20190405,73,164060073,125940234,26412,N,1,210,201906
20190405,20190405,73,164060073,131719557,26405,N,2,211,201906
20190405,20190405,73,164060073,135326688,26402,N,1,212,201906
20190405,20190405,73,164060073,135749923,26407,N,1,213,201906
20190405,20190405,73,164060073,140150893,26406,N,1,214,201906
20190405,20190405,73,164060073,140552240,26406,N,1,215,201906
20190405,20190405,73,164060073,141642496,26400,N,1,216,201906
20190405,20190405,73,164060073,143108452,26402,N,4,217,201906
20190405,20190405,73,164060073,143444809,26400,N,1,218,201906
20190405,20190405,73,164060073,145232797,26408,N,2,219,201906
20190405,20190405,73,164060073,150317109,26406,N,1,220,201906
20190405,20190405,73,164060073,150318318,26405,N,1,221,201906
20190405,20190405,73,164060073,150429707,26407,E,1,222,201906
20190405,20190404,73,164090073,235405175,26300,O,2,223,201909
20190405,20190404,73,164090073,235426867,26300,E,1,224,201909
20190405,20190405,73,164090073,084501051,26358,O,11,225,201909
20190405,20190405,73,164090073,100057290,26300,N,1,226,201909
20190405,20190405,73,164090073,105623879,26333,E,1,227,201909
20190408,20190405,73,164060073,163001046,26420,O,3,1,201906
20190408,20190405,73,164060073,163858785,26420,N,1,2,201906
20190408,20190405,73,164060073,170021693,26406,N,10,3,201906
20190408,20190405,73,164060073,170533494,26419,N,1,4,201906
20190408,20190405,73,164060073,170828730,26419,N,1,5,201906
20190408,20190405,73,164060073,173520286,26414,N,1,6,201906
20190408,20190405,73,164060073,174300214,26407,N,1,7,201906
20190408,20190405,73,164060073,175318575,26410,N,1,8,201906
20190408,20190405,73,164060073,180906610,26403,N,1,9,201906
20190408,20190405,73,164060073,183347530,26401,N,1,10,201906
20190408,20190405,73,164060073,184958878,26394,N,1,11,201906
20190408,20190405,73,164060073,185715561,26400,N,2,12,201906
20190408,20190405,73,164060073,190203808,26397,N,2,13,201906
20190408,20190405,73,164060073,193008686,26394,N,1,14,201906
20190408,20190405,73,164060073,194700857,26397,N,1,15,201906
20190408,20190405,73,164060073,200516582,26400,N,1,16,201906
20190408,20190405,73,164060073,201029244,26397,N,1,17,201906
20190408,20190405,73,164060073,201847473,26399,N,1,18,201906
20190408,20190405,73,164060073,203816069,26392,N,1,19,201906
20190408,20190405,73,164060073,205837492,26390,N,1,20,201906
20190408,20190405,73,164060073,210023921,26389,N,2,21,201906
20190408,20190405,73,164060073,212634875,26413,N,1,22,201906
20190408,20190405,73,164060073,213008531,26464,N,10,23,201906
20190408,20190405,73,164060073,213008532,26465,N,2,24,201906
20190408,20190405,73,164060073,213008670,26463,N,1,25,201906
20190408,20190405,73,164060073,213034357,26438,N,1,26,201906
20190408,20190405,73,164060073,213203508,26446,N,1,27,201906
20190408,20190405,73,164060073,213648127,26468,N,1,28,201906
20190408,20190405,73,164060073,213700363,26470,N,1,29,201906
20190408,20190405,73,164060073,213745804,26483,N,5,30,201906
20190408,20190405,73,164060073,213845764,26475,N,1,31,201906
20190408,20190405,73,164060073,213848318,26475,N,1,32,201906
20190408,20190405,73,164060073,213920525,26472,N,1,33,201906
20190408,20190405,73,164060073,213946282,26470,N,2,34,201906
20190408,20190405,73,164060073,214009983,26474,N,1,35,201906
20190408,20190405,73,164060073,214031145,26469,N,1,36,201906
20190408,20190405,73,164060073,214220028,26473,N,1,37,201906
20190408,20190405,73,164060073,214308355,26469,N,1,38,201906
20190408,20190405,73,164060073,214309729,26463,N,2,39,201906
20190408,20190405,73,164060073,214332706,26463,N,5,40,201906
20190408,20190405,73,164060073,214432790,26474,N,1,41,201906
20190408,20190405,73,164060073,214507506,26481,N,4,42,201906
20190408,20190405,73,164060073,214928721,26469,N,10,43,201906
20190408,20190405,73,164060073,220051483,26452,N,1,44,201906
20190408,20190405,73,164060073,220103006,26454,N,4,45,201906
20190408,20190405,73,164060073,220225959,26458,N,1,46,201906
20190408,20190405,73,164060073,220320977,26459,N,1,47,201906
20190408,20190405,73,164060073,220357739,26453,N,3,48,201906
20190408,20190405,73,164060073,221328092,26445,N,1,49,201906
20190408,20190405,73,164060073,221454344,26445,N,1,50,201906
20190408,20190405,73,164060073,222233938,26448,N,2,51,201906
20190408,20190405,73,164060073,222654461,26448,N,1,52,201906
20190408,20190405,73,164060073,222954285,26448,N,2,53,201906
20190408,20190405,73,164060073,223457727,26427,N,4,54,201906
20190408,20190405,73,164060073,223511103,26416,N,3,55,201906
20190408,20190405,73,164060073,223821069,26416,N,1,56,201906
20190408,20190405,73,164060073,223937269,26407,N,1,57,201906
20190408,20190405,73,164060073,224401777,26427,N,2,58,201906
20190408,20190405,73,164060073,224509127,26440,N,1,59,201906
20190408,20190405,73,164060073,224647784,26440,N,1,60,201906
20190408,20190405,73,164060073,232717505,26400,N,1,61,201906
20190408,20190405,73,164060073,232837476,26397,N,1,62,201906
20190408,20190405,73,164060073,233249645,26414,N,1,63,201906
20190408,20190405,73,164060073,233415588,26412,N,2,64,201906
20190408,20190405,73,164060073,233613894,26405,N,1,65,201906
20190408,20190405,73,164060073,233821619,26396,N,1,66,201906
20190408,20190405,73,164060073,234305234,26400,N,1,67,201906
20190408,20190405,73,164060073,234825806,26414,N,1,68,201906
20190408,20190405,73,164060073,235254598,26429,N,2,69,201906
20190408,20190405,73,164060073,235652878,26421,N,1,70,201906
20190408,20190405,73,164060073,000600961,26407,N,1,71,201906
20190408,20190405,73,164060073,000627226,26407,N,1,72,201906
20190408,20190405,73,164060073,002904701,26407,N,2,73,201906
20190408,20190405,73,164060073,004301951,26406,N,1,74,201906
20190408,20190405,73,164060073,004456974,26401,N,1,75,201906
20190408,20190405,73,164060073,005438131,26400,N,1,76,201906
20190408,20190405,73,164060073,005734019,26398,N,1,77,201906
20190408,20190405,73,164060073,010206961,26400,N,11,78,201906
20190408,20190405,73,164060073,011356165,26412,N,1,79,201906
20190408,20190405,73,164060073,013029107,26402,N,2,80,201906
20190408,20190405,73,164060073,013041628,26405,N,2,81,201906
20190408,20190405,73,164060073,013637629,26395,N,1,82,201906
20190408,20190405,73,164060073,013719871,26386,N,1,83,201906
20190408,20190405,73,164060073,013719872,26386,N,1,84,201906
20190408,20190405,73,164060073,013720257,26386,N,1,85,201906
20190408,20190405,73,164060073,013946351,26373,N,1,86,201906
20190408,20190405,73,164060073,014052920,26357,N,1,87,201906
20190408,20190405,73,164060073,014537314,26372,N,1,88,201906
20190408,20190405,73,164060073,014741420,26383,N,1,89,201906
20190408,20190405,73,164060073,014825303,26385,N,1,90,201906
20190408,20190405,73,164060073,030423821,26409,N,1,91,201906
20190408,20190405,73,164060073,031311755,26407,N,1,92,201906
20190408,20190405,73,164060073,031527780,26410,N,4,93,201906
20190408,20190405,73,164060073,031527782,26416,N,1,94,201906
20190408,20190405,73,164060073,042654084,26423,N,2,95,201906
20190408,20190405,73,164060073,042654141,26423,N,1,96,201906
20190408,20190405,73,164060073,044253455,26413,N,4,97,201906
20190408,20190405,73,164060073,045257718,26391,N,1,98,201906
20190408,20190405,73,164060073,050246924,26396,N,1,99,201906
20190408,20190405,73,164060073,050951214,26398,N,1,100,201906
20190408,20190405,73,164060073,051123994,26390,N,1,101,201906
20190408,20190405,73,164060073,052003726,26390,E,1,102,201906
20190408,20190408,73,164060073,084501051,26389,O,4,103,201906
20190408,20190408,73,164060073,084611090,26381,N,1,104,201906
20190408,20190408,73,164060073,084611090,26380,N,3,105,201906
20190408,20190408,73,164060073,084620476,26384,N,20,106,201906
20190408,20190408,73,164060073,084623456,26380,N,2,107,201906
20190408,20190408,73,164060073,084719701,26384,N,1,108,201906
20190408,20190408,73,164060073,085011841,26382,N,4,109,201906
20190408,20190408,73,164060073,085132935,26383,N,1,110,201906
20190408,20190408,73,164060073,085901914,26381,N,2,111,201906
20190408,20190408,73,164060073,090005234,26377,N,1,112,201906
20190408,20190408,73,164060073,090112918,26376,N,1,113,201906
20190408,20190408,73,164060073,090126201,26376,N,2,114,201906
20190408,20190408,73,164060073,090924811,26370,N,1,115,201906
20190408,20190408,73,164060073,091140470,26366,N,2,116,201906
20190408,20190408,73,164060073,091156611,26372,N,1,117,201906
20190408,20190408,73,164060073,091229184,26372,N,2,118,201906
20190408,20190408,73,164060073,091243138,26372,N,2,119,201906
20190408,20190408,73,164060073,091250179,26370,N,1,120,201906
20190408,20190408,73,164060073,092350192,26362,N,1,121,201906
20190408,20190408,73,164060073,093024623,26368,N,1,122,201906
20190408,20190408,73,164060073,093455798,26368,N,2,123,201906
20190408,20190408,73,164060073,094346955,26360,N,1,124,201906
20190408,20190408,73,164060073,095213484,26354,N,3,125,201906
20190408,20190408,73,164060073,103146462,26351,N,3,126,201906
20190408,20190408,73,164060073,111759510,26333,N,1,127,201906
20190408,20190408,73,164060073,113345768,26325,N,1,128,201906
20190408,20190408,73,164060073,113348073,26325,N,1,129,201906
20190408,20190408,73,164060073,113833861,26329,N,1,130,201906
20190408,20190408,73,164060073,121718028,26328,N,1,131,201906
20190408,20190408,73,164060073,122704204,26319,N,1,132,201906
20190408,20190408,73,164060073,122833256,26311,N,1,133,201906
20190408,20190408,73,164060073,123152984,26307,N,4,134,201906
20190408,20190408,73,164060073,123207621,26300,N,15,135,201906
20190408,20190408,73,164060073,123207624,26299,N,10,136,201906
20190408,20190408,73,164060073,123219118,26297,N,2,137,201906
20190408,20190408,73,164060073,123259412,26298,N,10,138,201906
20190408,20190408,73,164060073,123519592,26303,N,10,139,201906
20190408,20190408,73,164060073,123712078,26300,N,1,140,201906
20190408,20190408,73,164060073,124001622,26306,N,1,141,201906
20190408,20190408,73,164060073,124612149,26307,N,1,142,201906
20190408,20190408,73,164060073,124630867,26301,N,1,143,201906
20190408,20190408,73,164060073,124647869,26306,N,1,144,201906
20190408,20190408,73,164060073,124718160,26297,N,2,145,201906
20190408,20190408,73,164060073,125409668,26305,N,1,146,201906
20190408,20190408,73,164060073,125732212,26300,N,2,147,201906
20190408,20190408,73,164060073,131046599,26303,N,2,148,201906
20190408,20190408,73,164060073,132142615,26305,N,1,149,201906
20190408,20190408,73,164060073,132522499,26299,N,1,150,201906
20190408,20190408,73,164060073,132659115,26299,N,1,151,201906
20190408,20190408,73,164060073,133053300,26290,N,1,152,201906
20190408,20190408,73,164060073,133343865,26301,N,1,153,201906
20190408,20190408,73,164060073,141229808,26295,N,1,154,201906
20190408,20190408,73,164060073,143010645,26283,N,1,155,201906
20190408,20190408,73,164060073,143620833,26292,N,1,156,201906
20190408,20190408,73,164060073,143905235,26285,N,1,157,201906
20190408,20190408,73,164060073,144207636,26297,N,4,158,201906
20190408,20190408,73,164060073,144240450,26298,N,10,159,201906
20190408,20190408,73,164060073,145918757,26309,N,1,160,201906
20190408,20190408,73,164060073,150000539,26305,E,3,161,201906
20190408,20190405,73,164090073,213631309,26385,O,1,162,201909
20190408,20190408,73,164090073,084506021,26370,O,1,163,201909
20190409,20190408,73,164060073,163410020,26322,O,1,1,201906
20190409,20190408,73,164060073,164536599,26320,N,2,2,201906
20190409,20190408,73,164060073,170709350,26320,N,1,3,201906
20190409,20190408,73,164060073,175930704,26312,N,1,4,201906
20190409,20190408,73,164060073,181315523,26311,N,1,5,201906
20190409,20190408,73,164060073,182846346,26314,N,2,6,201906
20190409,20190408,73,164060073,183008311,26320,N,1,7,201906
20190409,20190408,73,164060073,184542924,26319,N,1,8,201906
20190409,20190408,73,164060073,184546110,26319,N,1,9,201906
20190409,20190408,73,164060073,185502522,26322,N,1,10,201906
20190409,20190408,73,164060073,190000564,26318,N,1,11,201906
20190409,20190408,73,164060073,190133733,26317,N,1,12,201906
20190409,20190408,73,164060073,190217028,26317,N,1,13,201906
20190409,20190408,73,164060073,190823619,26314,N,1,14,201906
20190409,20190408,73,164060073,193221781,26300,N,1,15,201906
20190409,20190408,73,164060073,193646297,26296,N,1,16,201906
20190409,20190408,73,164060073,195738176,26301,N,1,17,201906
20190409,20190408,73,164060073,195812951,26301,N,4,18,201906
20190409,20190408,73,164060073,200517058,26295,N,1,19,201906
20190409,20190408,73,164060073,200755166,26299,N,1,20,201906
20190409,20190408,73,164060073,201019194,26305,N,1,21,201906
20190409,20190408,73,164060073,202903455,26301,N,1,22,201906
20190409,20190408,73,164060073,202929330,26307,N,10,23,201906
20190409,20190408,73,164060073,202929338,26309,N,10,24,201906
20190409,20190408,73,164060073,202929338,26310,N,10,25,201906
20190409,20190408,73,164060073,203827154,26305,N,1,26,201906
20190409,20190408,73,164060073,210009532,26307,N,1,27,201906
20190409,20190408,73,164060073,211847266,26297,N,1,28,201906
20190409,20190408,73,164060073,213811108,26292,N,1,29,201906
20190409,20190408,73,164060073,214955715,26288,N,1,30,201906
20190409,20190408,73,164060073,215257444,26273,N,1,31,201906
20190409,20190408,73,164060073,215258109,26267,N,1,32,201906
20190409,20190408,73,164060073,215338333,26276,N,1,33,201906
20190409,20190408,73,164060073,215347957,26271,N,1,34,201906
20190409,20190408,73,164060073,220138511,26272,N,1,35,201906
20190409,20190408,73,164060073,221606160,26280,N,1,36,201906
20190409,20190408,73,164060073,221632871,26283,N,3,37,201906
20190409,20190408,73,164060073,221641368,26278,N,1,38,201906
20190409,20190408,73,164060073,222742518,26276,N,1,39,201906
20190409,20190408,73,164060073,223056838,26284,N,1,40,201906
20190409,20190408,73,164060073,223334481,26280,N,3,41,201906
20190409,20190408,73,164060073,223726082,26252,N,1,42,201906
20190409,20190408,73,164060073,223811251,26247,N,1,43,201906
20190409,20190408,73,164060073,223828836,26245,N,2,44,201906
20190409,20190408,73,164060073,223833865,26242,N,1,45,201906
20190409,20190408,73,164060073,223842798,26238,N,1,46,201906
20190409,20190408,73,164060073,223921763,26236,N,1,47,201906
20190409,20190408,73,164060073,224001904,26233,N,1,48,201906
20190409,20190408,73,164060073,224055968,26244,N,2,49,201906
20190409,20190408,73,164060073,224121521,26245,N,3,50,201906
20190409,20190408,73,164060073,224236212,26240,N,1,51,201906
20190409,20190408,73,164060073,224259348,26239,N,1,52,201906
20190409,20190408,73,164060073,224504504,26251,N,1,53,201906
20190409,20190408,73,164060073,224649481,26255,N,1,54,201906
20190409,20190408,73,164060073,225123846,26257,N,1,55,201906
20190409,20190408,73,164060073,225432271,26244,N,1,56,201906
20190409,20190408,73,164060073,225611243,26254,N,5,57,201906
20190409,20190408,73,164060073,225808760,26268,N,1,58,201906
20190409,20190408,73,164060073,225820210,26262,N,1,59,201906
20190409,20190408,73,164060073,225835908,26272,N,1,60,201906
20190409,20190408,73,164060073,230512931,26250,N,1,61,201906
20190409,20190408,73,164060073,230705962,26256,N,1,62,201906
20190409,20190408,73,164060073,231631222,26280,N,2,63,201906
20190409,20190408,73,164060073,231902227,26295,N,1,64,201906
20190409,20190408,73,164060073,232252218,26295,N,1,65,201906
20190409,20190408,73,164060073,232259851,26295,N,1,66,201906
20190409,20190408,73,164060073,232419575,26291,N,1,67,201906
20190409,20190408,73,164060073,232427997,26291,N,1,68,201906
20190409,20190408,73,164060073,232433243,26292,N,1,69,201906
20190409,20190408,73,164060073,232645193,26283,N,2,70,201906
20190409,20190408,73,164060073,232742760,26279,N,3,71,201906
20190409,20190408,73,164060073,232853347,26284,N,3,72,201906
20190409,20190408,73,164060073,233234124,26308,N,10,73,201906
20190409,20190408,73,164060073,233315330,26311,N,3,74,201906
20190409,20190408,73,164060073,233316182,26317,N,5,75,201906
20190409,20190408,73,164060073,233317456,26317,N,1,76,201906
20190409,20190408,73,164060073,235123811,26306,N,4,77,201906
20190409,20190408,73,164060073,000613816,26311,N,10,78,201906
20190409,20190408,73,164060073,000859632,26306,N,1,79,201906
20190409,20190408,73,164060073,001520022,26300,N,5,80,201906
20190409,20190408,73,164060073,001520144,26300,N,2,81,201906
20190409,20190408,73,164060073,001520144,26303,N,3,82,201906
20190409,20190408,73,164060073,010417187,26257,N,1,83,201906
20190409,20190408,73,164060073,015257619,26292,N,3,84,201906
20190409,20190408,73,164060073,023008686,26299,N,1,85,201906
20190409,20190408,73,164060073,023406045,26289,N,2,86,201906
20190409,20190408,73,164060073,033547948,26297,N,1,87,201906
20190409,20190408,73,164060073,045450512,26325,N,1,88,201906
20190409,20190408,73,164060073,045450514,26325,N,1,89,201906
20190409,20190408,73,164060073,045500077,26327,N,21,90,201906
20190409,20190408,73,164060073,045500079,26330,N,1,91,201906
20190409,20190408,73,164060073,045500080,26337,N,1,92,201906
20190409,20190408,73,164060073,045544729,26313,E,1,93,201906
20190409,20190409,73,164060073,084501051,26308,O,1,94,201906
20190409,20190409,73,164060073,084913400,26309,N,4,95,201906
20190409,20190409,73,164060073,085205936,26305,N,4,96,201906
20190409,20190409,73,164060073,085613507,26306,N,1,97,201906
20190409,20190409,73,164060073,085942473,26307,N,1,98,201906
20190409,20190409,73,164060073,090045750,26307,N,9,99,201906
20190409,20190409,73,164060073,092045304,26313,N,1,100,201906
20190409,20190409,73,164060073,092130034,26328,N,1,101,201906
20190409,20190409,73,164060073,093848084,26307,N,2,102,201906
20190409,20190409,73,164060073,095835656,26295,N,1,103,201906
20190409,20190409,73,164060073,101346226,26282,N,1,104,201906
20190409,20190409,73,164060073,101555216,26282,N,1,105,201906
20190409,20190409,73,164060073,105252869,26267,N,1,106,201906
20190409,20190409,73,164060073,105458168,26268,N,1,107,201906
20190409,20190409,73,164060073,105459401,26262,N,1,108,201906
20190409,20190409,73,164060073,113256605,26280,N,1,109,201906
20190409,20190409,73,164060073,113741799,26280,N,3,110,201906
20190409,20190409,73,164060073,123511770,26288,N,1,111,201906
20190409,20190409,73,164060073,123533053,26288,N,2,112,201906
20190409,20190409,73,164060073,124454064,26278,N,1,113,201906
20190409,20190409,73,164060073,124807965,26275,N,1,114,201906
20190409,20190409,73,164060073,125320104,26285,N,1,115,201906
20190409,20190409,73,164060073,125629056,26291,N,1,116,201906
20190409,20190409,73,164060073,132538485,26280,N,1,117,201906
20190409,20190409,73,164060073,133945316,26282,N,1,118,201906
20190409,20190409,73,164060073,141306457,26275,N,1,119,201906
20190409,20190409,73,164060073,144408770,26281,N,1,120,201906
20190409,20190409,73,164060073,150215066,26275,N,1,121,201906
20190409,20190409,73,164060073,150337408,26271,N,5,122,201906
20190409,20190409,73,164060073,151501008,26265,E,1,123,201906
20190409,20190409,73,164120073,085803929,26115,O,1,124,201912
20190409,20190409,73,164120073,085921024,26116,E,1,125,201912
20190410,20190409,73,164060073,163926678,26271,O,1,1,201906
20190410,20190409,73,164060073,164457996,26274,N,1,2,201906
20190410,20190409,73,164060073,165425629,26274,N,3,3,201906
20190410,20190409,73,164060073,175946385,26300,N,3,4,201906
20190410,20190409,73,164060073,180713814,26301,N,1,5,201906
20190410,20190409,73,164060073,185001464,26320,N,3,6,201906
20190410,20190409,73,164060073,190151519,26316,N,1,7,201906
20190410,20190409,73,164060073,193501647,26310,N,1,8,201906
20190410,20190409,73,164060073,193518220,26305,N,1,9,201906
20190410,20190409,73,164060073,204248223,26294,N,1,10,201906
20190410,20190409,73,164060073,211154527,26295,N,2,11,201906
20190410,20190409,73,164060073,211946154,26290,N,1,12,201906
20190410,20190409,73,164060073,212350888,26280,N,1,13,201906
20190410,20190409,73,164060073,212632519,26275,N,1,14,201906
20190410,20190409,73,164060073,212915104,26264,N,1,15,201906
20190410,20190409,73,164060073,212928154,26264,N,1,16,201906
20190410,20190409,73,164060073,214204303,26247,N,1,17,201906
20190410,20190409,73,164060073,215610554,26241,N,1,18,201906
20190410,20190409,73,164060073,220008156,26241,N,1,19,201906
20190410,20190409,73,164060073,220528707,26234,N,1,20,201906
20190410,20190409,73,164060073,220554814,26236,N,3,21,201906
20190410,20190409,73,164060073,221844590,26235,N,10,22,201906
20190410,20190409,73,164060073,222215847,26230,N,1,23,201906
20190410,20190409,73,164060073,222215848,26224,N,1,24,201906
20190410,20190409,73,164060073,222215848,26224,N,1,25,201906
20190410,20190409,73,164060073,222354105,26223,N,1,26,201906
20190410,20190409,73,164060073,222537956,26209,N,2,27,201906
20190410,20190409,73,164060073,222539120,26209,N,1,28,201906
20190410,20190409,73,164060073,222539425,26209,N,1,29,201906
20190410,20190409,73,164060073,222614844,26208,N,1,30,201906
20190410,20190409,73,164060073,222722572,26203,N,1,31,201906
20190410,20190409,73,164060073,222842596,26196,N,5,32,201906
20190410,20190409,73,164060073,222903241,26202,N,1,33,201906
20190410,20190409,73,164060073,223042252,26171,N,2,34,201906
20190410,20190409,73,164060073,223055959,26163,N,4,35,201906
20190410,20190409,73,164060073,223127060,26155,N,1,36,201906
20190410,20190409,73,164060073,223204300,26153,N,1,37,201906
20190410,20190409,73,164060073,223204456,26155,N,4,38,201906
20190410,20190409,73,164060073,223219751,26158,N,1,39,201906
20190410,20190409,73,164060073,223221870,26159,N,1,40,201906
20190410,20190409,73,164060073,223227811,26156,N,10,41,201906
20190410,20190409,73,164060073,223243645,26166,N,3,42,201906
20190410,20190409,73,164060073,223252107,26155,N,1,43,201906
20190410,20190409,73,164060073,223259213,26150,N,1,44,201906
20190410,20190409,73,164060073,223324203,26148,N,1,45,201906
20190410,20190409,73,164060073,223329123,26140,N,1,46,201906
20190410,20190409,73,164060073,223407477,26127,N,1,47,201906
20190410,20190409,73,164060073,223423446,26130,N,1,48,201906
20190410,20190409,73,164060073,223503482,26120,N,1,49,201906
20190410,20190409,73,164060073,223507526,26117,N,1,50,201906
20190410,20190409,73,164060073,223527241,26100,N,9,51,201906
20190410,20190409,73,164060073,223543146,26081,N,4,52,201906
20190410,20190409,73,164060073,223543147,26081,N,1,53,201906
20190410,20190409,73,164060073,223550474,26096,N,3,54,201906
20190410,20190409,73,164060073,223630234,26088,N,1,55,201906
20190410,20190409,73,164060073,223636276,26095,N,1,56,201906
20190410,20190409,73,164060073,223643721,26100,N,1,57,201906
20190410,20190409,73,164060073,223719767,26096,N,1,58,201906
20190410,20190409,73,164060073,223800260,26095,N,1,59,201906
20190410,20190409,73,164060073,223830803,26113,N,1,60,201906
20190410,20190409,73,164060073,223835063,26120,N,1,61,201906
20190410,20190409,73,164060073,223840213,26118,N,1,62,201906
20190410,20190409,73,164060073,223947536,26121,N,1,63,201906
20190410,20190409,73,164060073,224009299,26116,N,1,64,201906
20190410,20190409,73,164060073,224051305,26106,N,1,65,201906
20190410,20190409,73,164060073,224210065,26108,N,1,66,201906
20190410,20190409,73,164060073,224402625,26124,N,1,67,201906
20190410,20190409,73,164060073,224403487,26125,N,1,68,201906
20190410,20190409,73,164060073,224422181,26125,N,1,69,201906
20190410,20190409,73,164060073,224442760,26130,N,1,70,201906
20190410,20190409,73,164060073,224523089,26125,N,1,71,201906
20190410,20190409,73,164060073,224640603,26125,N,1,72,201906
20190410,20190409,73,164060073,224650254,26127,N,1,73,201906
20190410,20190409,73,164060073,224855594,26105,N,5,74,201906
20190410,20190409,73,164060073,224916038,26104,N,5,75,201906
20190410,20190409,73,164060073,224933318,26104,N,1,76,201906
20190410,20190409,73,164060073,224939594,26100,N,1,77,201906
20190410,20190409,73,164060073,224958042,26089,N,1,78,201906
20190410,20190409,73,164060073,225155256,26112,N,1,79,201906
20190410,20190409,73,164060073,225321693,26101,N,2,80,201906
20190410,20190409,73,164060073,225607598,26117,N,1,81,201906
20190410,20190409,73,164060073,225635417,26117,N,1,82,201906
20190410,20190409,73,164060073,230238892,26110,N,3,83,201906
20190410,20190409,73,164060073,230817742,26148,N,1,84,201906
20190410,20190409,73,164060073,231236378,26142,N,1,85,201906
20190410,20190409,73,164060073,231805143,26132,N,1,86,201906
20190410,20190409,73,164060073,231826881,26126,N,1,87,201906
20190410,20190409,73,164060073,232153876,26138,N,1,88,201906
20190410,20190409,73,164060073,232935560,26155,N,1,89,201906
20190410,20190409,73,164060073,233732850,26171,N,1,90,201906
20190410,20190409,73,164060073,233746070,26172,N,1,91,201906
20190410,20190409,73,164060073,233916438,26169,N,1,92,201906
20190410,20190409,73,164060073,234602868,26140,N,1,93,201906
20190410,20190409,73,164060073,234742364,26138,N,1,94,201906
20190410,20190409,73,164060073,234931124,26130,N,1,95,201906
20190410,20190409,73,164060073,235531510,26143,N,1,96,201906
20190410,20190409,73,164060073,000528960,26159,N,1,97,201906
20190410,20190409,73,164060073,000609737,26171,N,1,98,201906
20190410,20190409,73,164060073,000633696,26175,N,1,99,201906
20190410,20190409,73,164060073,000819293,26170,N,1,100,201906
20190410,20190409,73,164060073,004400167,26159,N,1,101,201906
20190410,20190409,73,164060073,010115953,26158,N,1,102,201906
20190410,20190409,73,164060073,011338821,26190,N,1,103,201906
20190410,20190409,73,164060073,011514396,26193,N,5,104,201906
20190410,20190409,73,164060073,012000536,26193,N,4,105,201906
20190410,20190409,73,164060073,012011461,26195,N,1,106,201906
20190410,20190409,73,164060073,013230952,26186,N,1,107,201906
20190410,20190409,73,164060073,013246299,26187,N,1,108,201906
20190410,20190409,73,164060073,022429798,26156,N,1,109,201906
20190410,20190409,73,164060073,024518027,26157,N,1,110,201906
20190410,20190409,73,164060073,030348112,26141,N,1,111,201906
20190410,20190409,73,164060073,030701432,26135,N,1,112,201906
20190410,20190409,73,164060073,030706052,26130,N,1,113,201906
20190410,20190409,73,164060073,031020622,26135,N,1,114,201906
20190410,20190409,73,164060073,031226066,26130,N,1,115,201906
20190410,20190409,73,164060073,041315346,26141,N,1,116,201906
20190410,20190409,73,164060073,042651175,26115,N,4,117,201906
20190410,20190409,73,164060073,042710611,26115,N,1,118,201906
20190410,20190409,73,164060073,043407393,26145,N,1,119,201906
20190410,20190409,73,164060073,044810225,26148,N,1,120,201906
20190410,20190409,73,164060073,045008960,26148,N,1,121,201906
20190410,20190409,73,164060073,045413610,26135,N,2,122,201906
20190410,20190409,73,164060073,045505916,26115,N,1,123,201906
20190410,20190409,73,164060073,045531026,26105,N,1,124,201906
20190410,20190409,73,164060073,050641621,26133,N,1,125,201906
20190410,20190409,73,164060073,051304774,26137,N,1,126,201906
20190410,20190409,73,164060073,051344249,26133,N,1,127,201906
20190410,20190409,73,164060073,051419115,26133,E,2,128,201906
20190410,20190410,73,164060073,085331462,26119,O,1,129,201906
20190410,20190410,73,164060073,085333982,26119,N,4,130,201906
20190410,20190410,73,164060073,091258855,26133,N,1,131,201906
20190410,20190410,73,164060073,092203084,26136,N,1,132,201906
20190410,20190410,73,164060073,092939245,26147,N,1,133,201906
20190410,20190410,73,164060073,094158192,26140,N,1,134,201906
20190410,20190410,73,164060073,100603615,26135,N,1,135,201906
20190410,20190410,73,164060073,101629577,26133,N,1,136,201906
20190410,20190410,73,164060073,102044004,26140,N,1,137,201906
20190410,20190410,73,164060073,103420148,26129,N,2,138,201906
20190410,20190410,73,164060073,103632349,26120,N,3,139,201906
20190410,20190410,73,164060073,103637796,26115,N,1,140,201906
20190410,20190410,73,164060073,104148509,26119,N,1,141,201906
20190410,20190410,73,164060073,104234040,26119,N,1,142,201906
20190410,20190410,73,164060073,104417824,26109,N,1,143,201906
20190410,20190410,73,164060073,104518028,26111,N,1,144,201906
20190410,20190410,73,164060073,104643229,26100,N,5,145,201906
20190410,20190410,73,164060073,110507841,26110,N,2,146,201906
20190410,20190410,73,164060073,111624132,26117,N,10,147,201906
20190410,20190410,73,164060073,111746651,26132,N,1,148,201906
20190410,20190410,73,164060073,111756658,26132,N,1,149,201906
20190410,20190410,73,164060073,111815949,26132,N,1,150,201906
20190410,20190410,73,164060073,113117464,26130,N,3,151,201906
20190410,20190410,73,164060073,113146202,26135,N,1,152,201906
20190410,20190410,73,164060073,113324451,26143,N,1,153,201906
20190410,20190410,73,164060073,114050983,26126,N,1,154,201906
20190410,20190410,73,164060073,115131431,26136,N,1,155,201906
20190410,20190410,73,164060073,121605825,26138,N,1,156,201906
20190410,20190410,73,164060073,122209036,26137,N,1,157,201906
20190410,20190410,73,164060073,123134232,26141,N,1,158,201906
20190410,20190410,73,164060073,123153526,26150,N,1,159,201906
20190410,20190410,73,164060073,124134166,26150,N,1,160,201906
20190410,20190410,73,164060073,131336833,26143,N,20,161,201906
20190410,20190410,73,164060073,131336833,26144,N,20,162,201906
20190410,20190410,73,164060073,131336836,26145,N,10,163,201906
20190410,20190410,73,164060073,141012403,26160,N,1,164,201906
20190410,20190410,73,164060073,144040971,26154,N,1,165,201906
20190410,20190410,73,164060073,150140631,26160,N,1,166,201906
20190410,20190410,73,164060073,150325652,26163,E,2,167,201906
20190410,20190409,73,164090073,233607775,26098,O,1,168,201909
20190410,20190409,73,164120073,223152648,26126,O,1,169,201912
20190410,20190409,73,164120073,223152660,26126,N,2,170,201912
20190410,20190409,73,164120073,223152676,26126,N,1,171,201912
20190410,20190409,73,164120073,223205030,26126,E,4,172,201912
20190411,20190410,73,164060073,163001046,26177,O,1,1,201906
20190411,20190410,73,164060073,163001055,26183,N,1,2,201906
20190411,20190410,73,164060073,163235151,26183,N,1,3,201906
20190411,20190410,73,164060073,163252943,26182,N,1,4,201906
20190411,20190410,73,164060073,163818643,26181,N,10,5,201906
20190411,20190410,73,164060073,164048464,26185,N,1,6,201906
20190411,20190410,73,164060073,164214035,26184,N,10,7,201906
20190411,20190410,73,164060073,164915997,26180,N,1,8,201906
20190411,20190410,73,164060073,165220536,26174,N,1,9,201906
20190411,20190410,73,164060073,165639619,26182,N,2,10,201906
