Trade_Date,Make_Date,Index_Type,Security_Code,Time,Trade_Price,Price_Type,Trade_Volume,No,Contract_Month
20190507,20190426,73,164060073,171015317,26394,O,12,1,201906
20190507,20190426,73,164060073,171617391,26394,N,1,2,201906
20190507,20190426,73,164060073,172117607,26396,N,4,3,201906
20190507,20190426,73,164060073,175459924,26380,N,1,4,201906
20190507,20190426,73,164060073,180542961,26376,N,2,5,201906
20190507,20190426,73,164060073,181116422,26382,N,1,6,201906
20190507,20190426,73,164060073,181145990,26380,N,1,7,201906
20190507,20190426,73,164060073,181846375,26379,N,1,8,201906
20190507,20190426,73,164060073,182936465,26384,N,1,9,201906
20190507,20190426,73,164060073,190744798,26397,N,1,10,201906
20190507,20190426,73,164060073,191209090,26398,N,1,11,201906
20190507,20190426,73,164060073,194121408,26412,N,1,12,201906
20190507,20190426,73,164060073,201026298,26398,N,1,13,201906
20190507,20190426,73,164060073,205425066,26381,N,1,14,201906
20190507,20190426,73,164060073,205609801,26378,N,1,15,201906
20190507,20190426,73,164060073,210349724,26340,N,10,16,201906
20190507,20190426,73,164060073,210349725,26333,N,2,17,201906
20190507,20190426,73,164060073,211055780,26368,N,1,18,201906
20190507,20190426,73,164060073,211320942,26378,N,1,19,201906
20190507,20190426,73,164060073,212022500,26378,N,1,20,201906
20190507,20190426,73,164060073,213002198,26400,N,1,21,201906
20190507,20190426,73,164060073,213049033,26422,N,5,22,201906
20190507,20190426,73,164060073,213049033,26422,N,2,23,201906
20190507,20190426,73,164060073,213107352,26450,N,1,24,201906
20190507,20190426,73,164060073,213108636,26466,N,1,25,201906
20190507,20190426,73,164060073,213252740,26436,N,1,26,201906
20190507,20190426,73,164060073,213706225,26446,N,1,27,201906
20190507,20190426,73,164060073,213858599,26439,N,1,28,201906
20190507,20190426,73,164060073,213954668,26434,N,15,29,201906
20190507,20190426,73,164060073,215513969,26417,N,1,30,201906
20190507,20190426,73,164060073,215851963,26412,N,1,31,201906
20190507,20190426,73,164060073,220223136,26413,N,1,32,201906
20190507,20190426,73,164060073,220334174,26425,N,1,33,201906
20190507,20190426,73,164060073,220552500,26427,N,1,34,201906
20190507,20190426,73,164060073,221856759,26442,N,3,35,201906
20190507,20190426,73,164060073,222324870,26436,N,4,36,201906
20190507,20190426,73,164060073,222324870,26436,N,6,37,201906
20190507,20190426,73,164060073,223549183,26425,N,1,38,201906
20190507,20190426,73,164060073,223730008,26410,N,1,39,201906
20190507,20190426,73,164060073,223825165,26396,N,5,40,201906
20190507,20190426,73,164060073,223954855,26382,N,1,41,201906
20190507,20190426,73,164060073,224021336,26400,N,10,42,201906
20190507,20190426,73,164060073,225110223,26400,N,10,43,201906
20190507,20190426,73,164060073,225520862,26379,N,2,44,201906
20190507,20190426,73,164060073,230507102,26413,N,10,45,201906
20190507,20190426,73,164060073,231435277,26380,N,1,46,201906
20190507,20190426,73,164060073,232144149,26399,N,1,47,201906
20190507,20190426,73,164060073,232410965,26416,N,1,48,201906
20190507,20190426,73,164060073,232655084,26417,N,5,49,201906
20190507,20190426,73,164060073,232655680,26419,N,3,50,201906
20190507,20190426,73,164060073,232922136,26428,N,5,51,201906
20190507,20190426,73,164060073,232955746,26429,N,2,52,201906
20190507,20190426,73,164060073,233032105,26429,N,1,53,201906
20190507,20190426,73,164060073,233834335,26443,N,1,54,201906
20190507,20190426,73,164060073,234049583,26431,N,1,55,201906
20190507,20190426,73,164060073,234637165,26428,N,1,56,201906
20190507,20190426,73,164060073,235123518,26413,N,1,57,201906
20190507,20190426,73,164060073,000406936,26412,N,1,58,201906
20190507,20190426,73,164060073,001237889,26445,N,5,59,201906
20190507,20190426,73,164060073,001244129,26443,N,1,60,201906
20190507,20190426,73,164060073,001513933,26452,N,5,61,201906
20190507,20190426,73,164060073,001627906,26451,N,1,62,201906
20190507,20190426,73,164060073,001722145,26454,N,10,63,201906
20190507,20190426,73,164060073,001722145,26455,N,31,64,201906
20190507,20190426,73,164060073,001722145,26456,N,9,65,201906
20190507,20190426,73,164060073,002110984,26470,N,1,66,201906
20190507,20190426,73,164060073,002451801,26460,N,10,67,201906
20190507,20190426,73,164060073,005611552,26469,N,5,68,201906
20190507,20190426,73,164060073,005613365,26470,N,1,69,201906
20190507,20190426,73,164060073,012745538,26461,N,21,70,201906
20190507,20190426,73,164060073,012745538,26460,N,20,71,201906
20190507,20190426,73,164060073,012745538,26459,N,9,72,201906
20190507,20190426,73,164060073,012838617,26465,N,1,73,201906
20190507,20190426,73,164060073,014517793,26456,N,1,74,201906
20190507,20190426,73,164060073,021154548,26450,N,3,75,201906
20190507,20190426,73,164060073,031052112,26453,N,3,76,201906
20190507,20190426,73,164060073,035433590,26439,N,1,77,201906
20190507,20190426,73,164060073,040203569,26460,N,10,78,201906
20190507,20190426,73,164060073,040203732,26466,N,10,79,201906
20190507,20190426,73,164060073,040400423,26467,N,1,80,201906
20190507,20190426,73,164060073,040614631,26480,N,1,81,201906
20190507,20190426,73,164060073,040615104,26482,N,10,82,201906
20190507,20190426,73,164060073,041812551,26455,N,1,83,201906
20190507,20190426,73,164060073,042545282,26456,N,1,84,201906
20190507,20190426,73,164060073,043649254,26476,N,1,85,201906
20190507,20190426,73,164060073,045518848,26489,N,1,86,201906
20190507,20190426,73,164060073,045521722,26490,N,2,87,201906
20190507,20190426,73,164060073,045850094,26495,N,2,88,201906
20190507,20190426,73,164060073,045927064,26500,N,7,89,201906
20190507,20190426,73,164060073,045959060,26514,N,4,90,201906
20190507,20190426,73,164060073,045959099,26516,N,1,91,201906
20190507,20190426,73,164060073,045959099,26518,N,1,92,201906
20190507,20190426,73,164060073,050831201,26508,N,1,93,201906
20190507,20190426,73,164060073,051032957,26508,N,1,94,201906
20190507,20190426,73,164060073,051319391,26502,N,1,95,201906
20190507,20190426,73,164060073,052345676,26495,N,4,96,201906
20190507,20190426,73,164060073,053001020,26512,E,1,97,201906
20190507,20190507,73,164060073,084501051,26270,O,6,98,201906
20190507,20190507,73,164060073,084501091,26270,N,1,99,201906
20190507,20190507,73,164060073,084535202,26277,N,2,100,201906
20190507,20190507,73,164060073,084637845,26276,N,1,101,201906
20190507,20190507,73,164060073,084753731,26270,N,5,102,201906
20190507,20190507,73,164060073,084815650,26271,N,1,103,201906
20190507,20190507,73,164060073,084859988,26272,N,1,104,201906
20190507,20190507,73,164060073,085331067,26272,N,1,105,201906
20190507,20190507,73,164060073,085611110,26270,N,1,106,201906
20190507,20190507,73,164060073,085630774,26270,N,1,107,201906
20190507,20190507,73,164060073,090000672,26270,N,1,108,201906
20190507,20190507,73,164060073,090054393,26270,N,4,109,201906
20190507,20190507,73,164060073,090055732,26270,N,10,110,201906
20190507,20190507,73,164060073,090100773,26269,N,10,111,201906
20190507,20190507,73,164060073,090103729,26265,N,1,112,201906
20190507,20190507,73,164060073,090105314,26265,N,10,113,201906
20190507,20190507,73,164060073,090146936,26257,N,1,114,201906
20190507,20190507,73,164060073,090500479,26255,N,8,115,201906
20190507,20190507,73,164060073,090541574,26250,N,1,116,201906
20190507,20190507,73,164060073,090600849,26240,N,1,117,201906
20190507,20190507,73,164060073,090655269,26244,N,1,118,201906
20190507,20190507,73,164060073,091003591,26258,N,1,119,201906
20190507,20190507,73,164060073,091436871,26239,N,4,120,201906
20190507,20190507,73,164060073,091438241,26239,N,1,121,201906
20190507,20190507,73,164060073,091742384,26217,N,1,122,201906
20190507,20190507,73,164060073,091753806,26210,N,1,123,201906
20190507,20190507,73,164060073,091755141,26210,N,4,124,201906
20190507,20190507,73,164060073,092739167,26235,N,1,125,201906
20190507,20190507,73,164060073,093707532,26238,N,6,126,201906
20190507,20190507,73,164060073,093732220,26236,N,7,127,201906
20190507,20190507,73,164060073,094312960,26233,N,1,128,201906
20190507,20190507,73,164060073,094545208,26242,N,1,129,201906
20190507,20190507,73,164060073,095054057,26250,N,11,130,201906
20190507,20190507,73,164060073,095117449,26250,N,12,131,201906
20190507,20190507,73,164060073,095811447,26270,N,1,132,201906
20190507,20190507,73,164060073,101517785,26265,N,1,133,201906
20190507,20190507,73,164060073,101701045,26246,N,1,134,201906
20190507,20190507,73,164060073,101756519,26246,N,1,135,201906
20190507,20190507,73,164060073,101840453,26249,N,1,136,201906
20190507,20190507,73,164060073,102725654,26260,N,1,137,201906
20190507,20190507,73,164060073,102725654,26263,N,5,138,201906
20190507,20190507,73,164060073,102806104,26261,N,1,139,201906
20190507,20190507,73,164060073,103018619,26265,N,1,140,201906
20190507,20190507,73,164060073,103157437,26260,N,1,141,201906
20190507,20190507,73,164060073,103849599,26243,N,1,142,201906
20190507,20190507,73,164060073,103902253,26245,N,1,143,201906
20190507,20190507,73,164060073,104650939,26276,N,1,144,201906
20190507,20190507,73,164060073,105910611,26255,N,1,145,201906
20190507,20190507,73,164060073,112219268,26276,N,2,146,201906
20190507,20190507,73,164060073,112233270,26276,N,1,147,201906
20190507,20190507,73,164060073,112237414,26275,N,1,148,201906
20190507,20190507,73,164060073,112356521,26278,N,1,149,201906
20190507,20190507,73,164060073,113235326,26274,N,1,150,201906
20190507,20190507,73,164060073,113535465,26267,N,2,151,201906
20190507,20190507,73,164060073,115100810,26273,N,1,152,201906
20190507,20190507,73,164060073,115505887,26270,N,1,153,201906
20190507,20190507,73,164060073,120417284,26266,N,2,154,201906
20190507,20190507,73,164060073,122008456,26259,N,1,155,201906
20190507,20190507,73,164060073,123117273,26260,N,1,156,201906
20190507,20190507,73,164060073,123800281,26238,N,2,157,201906
20190507,20190507,73,164060073,123802414,26232,N,1,158,201906
20190507,20190507,73,164060073,124038661,26235,N,4,159,201906
20190507,20190507,73,164060073,125315210,26228,N,1,160,201906
20190507,20190507,73,164060073,130819205,26237,N,1,161,201906
20190507,20190507,73,164060073,131322155,26233,N,1,162,201906
20190507,20190507,73,164060073,131426659,26232,N,1,163,201906
20190507,20190507,73,164060073,131445684,26232,N,1,164,201906
20190507,20190507,73,164060073,131539611,26230,N,1,165,201906
20190507,20190507,73,164060073,131546197,26230,N,1,166,201906
20190507,20190507,73,164060073,131806136,26238,N,1,167,201906
20190507,20190507,73,164060073,132844052,26242,N,1,168,201906
20190507,20190507,73,164060073,133006784,26246,N,4,169,201906
20190507,20190507,73,164060073,133040861,26229,N,10,170,201906
20190507,20190507,73,164060073,133217018,26244,N,1,171,201906
20190507,20190507,73,164060073,134336851,26254,N,1,172,201906
20190507,20190507,73,164060073,135029125,26253,N,1,173,201906
20190507,20190507,73,164060073,135140025,26257,N,1,174,201906
20190507,20190507,73,164060073,135538224,26248,N,1,175,201906
20190507,20190507,73,164060073,140639382,26247,N,1,176,201906
20190507,20190507,73,164060073,140702620,26251,N,3,177,201906
20190507,20190507,73,164060073,141001081,26241,N,1,178,201906
20190507,20190507,73,164060073,142232152,26226,N,1,179,201906
20190507,20190507,73,164060073,142313413,26226,N,1,180,201906
20190507,20190507,73,164060073,142534105,26226,N,5,181,201906
20190507,20190507,73,164060073,143153454,26232,N,1,182,201906
20190507,20190507,73,164060073,143213349,26230,N,1,183,201906
20190507,20190507,73,164060073,143438242,26222,N,1,184,201906
20190507,20190507,73,164060073,143932216,26239,N,4,185,201906
20190507,20190507,73,164060073,145414413,26238,N,1,186,201906
20190507,20190507,73,164060073,150027095,26246,N,5,187,201906
20190507,20190507,73,164060073,150029645,26249,N,1,188,201906
20190507,20190507,73,164060073,150635005,26248,E,1,189,201906
20190507,20190507,73,164090073,142338368,26128,O,1,190,201909
20190508,20190507,73,164060073,163001046,26345,O,10,1,201906
20190508,20190507,73,164060073,163001057,26350,N,1,2,201906
20190508,20190507,73,164060073,163625350,26350,N,2,3,201906
20190508,20190507,73,164060073,164118341,26347,N,1,4,201906
20190508,20190507,73,164060073,164152937,26349,N,1,5,201906
20190508,20190507,73,164060073,165101305,26348,N,1,6,201906
20190508,20190507,73,164060073,174953636,26291,N,2,7,201906
20190508,20190507,73,164060073,175304264,26290,N,1,8,201906
20190508,20190507,73,164060073,180623069,26279,N,1,9,201906
20190508,20190507,73,164060073,181437123,26265,N,1,10,201906
20190508,20190507,73,164060073,183233651,26253,N,1,11,201906
20190508,20190507,73,164060073,183517894,26247,N,1,12,201906
20190508,20190507,73,164060073,184650935,26264,N,1,13,201906
20190508,20190507,73,164060073,185143247,26269,N,3,14,201906
20190508,20190507,73,164060073,190902887,26262,N,2,15,201906
20190508,20190507,73,164060073,192149829,26265,N,1,16,201906
20190508,20190507,73,164060073,192947305,26270,N,1,17,201906
20190508,20190507,73,164060073,195609301,26242,N,1,18,201906
20190508,20190507,73,164060073,195826389,26225,N,1,19,201906
20190508,20190507,73,164060073,195847809,26222,N,1,20,201906
20190508,20190507,73,164060073,195951970,26221,N,2,21,201906
20190508,20190507,73,164060073,200030149,26222,N,1,22,201906
20190508,20190507,73,164060073,200121584,26221,N,1,23,201906
20190508,20190507,73,164060073,200204557,26223,N,1,24,201906
20190508,20190507,73,164060073,200248711,26223,N,1,25,201906
20190508,20190507,73,164060073,200530628,26225,N,1,26,201906
20190508,20190507,73,164060073,201451924,26227,N,1,27,201906
20190508,20190507,73,164060073,202002952,26237,N,2,28,201906
20190508,20190507,73,164060073,202331162,26237,N,1,29,201906
20190508,20190507,73,164060073,202509875,26240,N,3,30,201906
20190508,20190507,73,164060073,202855148,26243,N,3,31,201906
20190508,20190507,73,164060073,203010801,26246,N,2,32,201906
20190508,20190507,73,164060073,205751235,26200,N,1,33,201906
20190508,20190507,73,164060073,205929048,26202,N,3,34,201906
20190508,20190507,73,164060073,210121154,26204,N,1,35,201906
20190508,20190507,73,164060073,210204523,26200,N,1,36,201906
20190508,20190507,73,164060073,211703599,26233,N,1,37,201906
20190508,20190507,73,164060073,211943776,26233,N,2,38,201906
20190508,20190507,73,164060073,214047447,26223,N,2,39,201906
20190508,20190507,73,164060073,214400575,26237,N,1,40,201906
20190508,20190507,73,164060073,214409893,26231,N,1,41,201906
20190508,20190507,73,164060073,214427196,26230,N,1,42,201906
20190508,20190507,73,164060073,214438575,26239,N,1,43,201906
20190508,20190507,73,164060073,214453899,26231,N,1,44,201906
20190508,20190507,73,164060073,214542841,26223,N,1,45,201906
20190508,20190507,73,164060073,214614516,26225,N,2,46,201906
20190508,20190507,73,164060073,215104276,26231,N,1,47,201906
20190508,20190507,73,164060073,215557949,26224,N,4,48,201906
20190508,20190507,73,164060073,220327782,26200,N,15,49,201906
20190508,20190507,73,164060073,220352582,26195,N,1,50,201906
20190508,20190507,73,164060073,220352583,26189,N,1,51,201906
20190508,20190507,73,164060073,220352584,26189,N,1,52,201906
20190508,20190507,73,164060073,220352584,26189,N,1,53,201906
20190508,20190507,73,164060073,220352584,26189,N,1,54,201906
20190508,20190507,73,164060073,220405739,26195,N,1,55,201906
20190508,20190507,73,164060073,220857663,26150,N,1,56,201906
20190508,20190507,73,164060073,221007277,26150,N,5,57,201906
20190508,20190507,73,164060073,221030639,26149,N,1,58,201906
20190508,20190507,73,164060073,221300423,26168,N,1,59,201906
20190508,20190507,73,164060073,221628539,26166,N,1,60,201906
20190508,20190507,73,164060073,222255149,26170,N,1,61,201906
20190508,20190507,73,164060073,222444148,26169,N,1,62,201906
20190508,20190507,73,164060073,223001416,26158,N,10,63,201906
20190508,20190507,73,164060073,223002139,26154,N,10,64,201906
20190508,20190507,73,164060073,223002177,26150,N,10,65,201906
20190508,20190507,73,164060073,223002988,26150,N,20,66,201906
20190508,20190507,73,164060073,223003216,26148,N,11,67,201906
20190508,20190507,73,164060073,223003909,26145,N,21,68,201906
20190508,20190507,73,164060073,223006336,26139,N,1,69,201906
20190508,20190507,73,164060073,223039370,26157,N,10,70,201906
20190508,20190507,73,164060073,223202143,26192,N,1,71,201906
20190508,20190507,73,164060073,223635910,26200,N,6,72,201906
20190508,20190507,73,164060073,223652150,26195,N,6,73,201906
20190508,20190507,73,164060073,223905312,26200,N,2,74,201906
20190508,20190507,73,164060073,223946246,26200,N,2,75,201906
20190508,20190507,73,164060073,224135103,26186,N,10,76,201906
20190508,20190507,73,164060073,224248150,26176,N,1,77,201906
20190508,20190507,73,164060073,224346452,26181,N,10,78,201906
20190508,20190507,73,164060073,224351816,26181,N,2,79,201906
20190508,20190507,73,164060073,224354161,26176,N,1,80,201906
20190508,20190507,73,164060073,224649250,26180,N,4,81,201906
20190508,20190507,73,164060073,224718130,26172,N,2,82,201906
20190508,20190507,73,164060073,224841525,26138,N,2,83,201906
20190508,20190507,73,164060073,225057192,26100,N,1,84,201906
20190508,20190507,73,164060073,225121966,26093,N,1,85,201906
20190508,20190507,73,164060073,225429445,26105,N,1,86,201906
20190508,20190507,73,164060073,230356103,26080,N,4,87,201906
20190508,20190507,73,164060073,230556501,26068,N,1,88,201906
20190508,20190507,73,164060073,230603728,26063,N,1,89,201906
20190508,20190507,73,164060073,230707127,26092,N,15,90,201906
20190508,20190507,73,164060073,230756123,26080,N,1,91,201906
20190508,20190507,73,164060073,231003428,26081,N,1,92,201906
20190508,20190507,73,164060073,231134900,26073,N,1,93,201906
20190508,20190507,73,164060073,231322842,26073,N,3,94,201906
20190508,20190507,73,164060073,231600459,26053,N,5,95,201906
20190508,20190507,73,164060073,231601213,26050,N,1,96,201906
20190508,20190507,73,164060073,231633421,26046,N,2,97,201906
20190508,20190507,73,164060073,231836096,26060,N,3,98,201906
20190508,20190507,73,164060073,231900564,26070,N,5,99,201906
20190508,20190507,73,164060073,232110377,26078,N,1,100,201906
20190508,20190507,73,164060073,232235971,26086,N,1,101,201906
20190508,20190507,73,164060073,232347709,26110,N,1,102,201906
20190508,20190507,73,164060073,232515668,26089,N,1,103,201906
20190508,20190507,73,164060073,233837496,26054,N,1,104,201906
20190508,20190507,73,164060073,234005356,26054,N,3,105,201906
20190508,20190507,73,164060073,234208590,26042,N,1,106,201906
20190508,20190507,73,164060073,234339162,26044,N,5,107,201906
20190508,20190507,73,164060073,234400092,26038,N,1,108,201906
20190508,20190507,73,164060073,234835968,26059,N,1,109,201906
20190508,20190507,73,164060073,235051060,26036,N,1,110,201906
20190508,20190507,73,164060073,235144282,26033,N,2,111,201906
20190508,20190507,73,164060073,235922151,26034,N,1,112,201906
20190508,20190507,73,164060073,000256470,26001,N,6,113,201906
20190508,20190507,73,164060073,000256471,26000,N,1,114,201906
20190508,20190507,73,164060073,000256472,26000,N,1,115,201906
20190508,20190507,73,164060073,000306986,26000,N,9,116,201906
20190508,20190507,73,164060073,000701150,26003,N,5,117,201906
20190508,20190507,73,164060073,000701979,26002,N,1,118,201906
20190508,20190507,73,164060073,000823446,26023,N,1,119,201906
20190508,20190507,73,164060073,000846143,26018,N,1,120,201906
20190508,20190507,73,164060073,001008675,26034,N,2,121,201906
20190508,20190507,73,164060073,001037311,26028,N,1,122,201906
20190508,20190507,73,164060073,001503065,26026,N,20,123,201906
20190508,20190507,73,164060073,001641838,26023,N,1,124,201906
20190508,20190507,73,164060073,001711005,26028,N,2,125,201906
20190508,20190507,73,164060073,001727952,26029,N,3,126,201906
20190508,20190507,73,164060073,002605014,25978,N,1,127,201906
20190508,20190507,73,164060073,002605015,25972,N,1,128,201906
20190508,20190507,73,164060073,002750159,25996,N,2,129,201906
20190508,20190507,73,164060073,002857162,26017,N,10,130,201906
20190508,20190507,73,164060073,003000091,25996,N,3,131,201906
20190508,20190507,73,164060073,003217151,26033,N,1,132,201906
20190508,20190507,73,164060073,003249879,26033,N,3,133,201906
20190508,20190507,73,164060073,003550475,26007,N,1,134,201906
20190508,20190507,73,164060073,003720561,25983,N,3,135,201906
20190508,20190507,73,164060073,004126579,26000,N,1,136,201906
20190508,20190507,73,164060073,004202498,26000,N,5,137,201906
20190508,20190507,73,164060073,004219579,26005,N,2,138,201906
20190508,20190507,73,164060073,004323057,25983,N,1,139,201906
20190508,20190507,73,164060073,005208561,25960,N,1,140,201906
20190508,20190507,73,164060073,005208561,25958,N,4,141,201906
20190508,20190507,73,164060073,005341971,25961,N,2,142,201906
20190508,20190507,73,164060073,005829211,25956,N,1,143,201906
20190508,20190507,73,164060073,005921193,25966,N,9,144,201906
20190508,20190507,73,164060073,010014743,25956,N,1,145,201906
20190508,20190507,73,164060073,010102533,25940,N,1,146,201906
20190508,20190507,73,164060073,010155371,25946,N,1,147,201906
20190508,20190507,73,164060073,010510335,25960,N,1,148,201906
20190508,20190507,73,164060073,010511518,25960,N,20,149,201906
20190508,20190507,73,164060073,010727419,25981,N,1,150,201906
20190508,20190507,73,164060073,011351280,25956,N,1,151,201906
20190508,20190507,73,164060073,011416320,25966,N,20,152,201906
20190508,20190507,73,164060073,011739915,25968,N,5,153,201906
20190508,20190507,73,164060073,011908105,25957,N,5,154,201906
20190508,20190507,73,164060073,012155329,25979,N,1,155,201906
20190508,20190507,73,164060073,012401822,25979,N,1,156,201906
20190508,20190507,73,164060073,012543884,26000,N,26,157,201906
20190508,20190507,73,164060073,013529393,26012,N,3,158,201906
20190508,20190507,73,164060073,015256980,26022,N,3,159,201906
20190508,20190507,73,164060073,015256980,26019,N,10,160,201906
20190508,20190507,73,164060073,015345141,26020,N,2,161,201906
20190508,20190507,73,164060073,015357808,26016,N,10,162,201906
20190508,20190507,73,164060073,015419608,26008,N,1,163,201906
20190508,20190507,73,164060073,015428342,26014,N,1,164,201906
20190508,20190507,73,164060073,015513589,26010,N,1,165,201906
20190508,20190507,73,164060073,015527921,26002,N,1,166,201906
20190508,20190507,73,164060073,015536051,26005,N,1,167,201906
20190508,20190507,73,164060073,015621276,25996,N,1,168,201906
20190508,20190507,73,164060073,015635846,25988,N,1,169,201906
20190508,20190507,73,164060073,015651845,25984,N,1,170,201906
20190508,20190507,73,164060073,015717804,25979,N,4,171,201906
20190508,20190507,73,164060073,020005227,25960,N,4,172,201906
20190508,20190507,73,164060073,020313915,25942,N,10,173,201906
20190508,20190507,73,164060073,020356557,25950,N,3,174,201906
20190508,20190507,73,164060073,020607097,25929,N,1,175,201906
20190508,20190507,73,164060073,020806087,25917,N,1,176,201906
20190508,20190507,73,164060073,020853737,25917,N,1,177,201906
20190508,20190507,73,164060073,020923009,25910,N,1,178,201906
20190508,20190507,73,164060073,022052870,25880,N,1,179,201906
20190508,20190507,73,164060073,022506625,25870,N,1,180,201906
20190508,20190507,73,164060073,022526736,25865,N,3,181,201906
20190508,20190507,73,164060073,022600883,25856,N,1,182,201906
20190508,20190507,73,164060073,023000560,25857,N,1,183,201906
20190508,20190507,73,164060073,024115324,25857,N,5,184,201906
20190508,20190507,73,164060073,024115324,25861,N,2,185,201906
20190508,20190507,73,164060073,024421658,25828,N,5,186,201906
20190508,20190507,73,164060073,024954011,25873,N,1,187,201906
20190508,20190507,73,164060073,024954012,25873,N,2,188,201906
20190508,20190507,73,164060073,030525359,25841,N,1,189,201906
20190508,20190507,73,164060073,030904940,25894,N,6,190,201906
20190508,20190507,73,164060073,032729912,25840,N,3,191,201906
20190508,20190507,73,164060073,032729912,25838,N,10,192,201906
20190508,20190507,73,164060073,032922332,25824,N,2,193,201906
20190508,20190507,73,164060073,032930329,25829,N,2,194,201906
20190508,20190507,73,164060073,033010765,25834,N,5,195,201906
20190508,20190507,73,164060073,033210689,25796,N,5,196,201906
20190508,20190507,73,164060073,033217834,25798,N,3,197,201906
20190508,20190507,73,164060073,033220812,25800,N,1,198,201906
20190508,20190507,73,164060073,033250075,25803,N,10,199,201906
20190508,20190507,73,164060073,033250075,25802,N,10,200,201906
20190508,20190507,73,164060073,033409644,25789,N,3,201,201906
20190508,20190507,73,164060073,033521561,25792,N,1,202,201906
20190508,20190507,73,164060073,033618096,25792,N,1,203,201906
20190508,20190507,73,164060073,033741729,25801,N,4,204,201906
20190508,20190507,73,164060073,034149839,25808,N,2,205,201906
20190508,20190507,73,164060073,034234049,25808,N,3,206,201906
20190508,20190507,73,164060073,034559634,25798,N,4,207,201906
20190508,20190507,73,164060073,034712239,25796,N,1,208,201906
20190508,20190507,73,164060073,034943944,25782,N,1,209,201906
20190508,20190507,73,164060073,034944265,25780,N,2,210,201906
20190508,20190507,73,164060073,035444546,25840,N,15,211,201906
20190508,20190507,73,164060073,035716691,25848,N,1,212,201906
20190508,20190507,73,164060073,035755086,25851,N,10,213,201906
20190508,20190507,73,164060073,040246209,25827,N,11,214,201906
20190508,20190507,73,164060073,040246209,25829,N,9,215,201906
20190508,20190507,73,164060073,040315926,25823,N,11,216,201906
20190508,20190507,73,164060073,040315926,25824,N,10,217,201906
20190508,20190507,73,164060073,040316049,25825,N,19,218,201906
20190508,20190507,73,164060073,040330759,25813,N,10,219,201906
20190508,20190507,73,164060073,041149490,25854,N,2,220,201906
20190508,20190507,73,164060073,041353390,25845,N,10,221,201906
20190508,20190507,73,164060073,041445213,25844,N,1,222,201906
20190508,20190507,73,164060073,042219709,25827,N,1,223,201906
20190508,20190507,73,164060073,042548362,25816,N,1,224,201906
20190508,20190507,73,164060073,043001391,25798,N,2,225,201906
20190508,20190507,73,164060073,043151983,25780,N,11,226,201906
20190508,20190507,73,164060073,043157731,25776,N,1,227,201906
20190508,20190507,73,164060073,043159232,25772,N,1,228,201906
20190508,20190507,73,164060073,043214966,25762,N,1,229,201906
20190508,20190507,73,164060073,043543961,25769,N,1,230,201906
20190508,20190507,73,164060073,043631105,25762,N,1,231,201906
20190508,20190507,73,164060073,043631355,25761,N,1,232,201906
20190508,20190507,73,164060073,043647069,25752,N,1,233,201906
20190508,20190507,73,164060073,043654652,25750,N,3,234,201906
20190508,20190507,73,164060073,043654653,25742,N,1,235,201906
20190508,20190507,73,164060073,043654653,25738,N,1,236,201906
20190508,20190507,73,164060073,043654654,25738,N,1,237,201906
20190508,20190507,73,164060073,044054016,25750,N,1,238,201906
20190508,20190507,73,164060073,044122651,25755,N,1,239,201906
20190508,20190507,73,164060073,044149647,25755,N,1,240,201906
20190508,20190507,73,164060073,044153838,25758,N,13,241,201906
20190508,20190507,73,164060073,044232948,25783,N,1,242,201906
20190508,20190507,73,164060073,044420178,25795,N,1,243,201906
20190508,20190507,73,164060073,045514167,25908,N,1,244,201906
20190508,20190507,73,164060073,045520740,25922,N,7,245,201906
20190508,20190507,73,164060073,045620293,25906,N,11,246,201906
20190508,20190507,73,164060073,050005452,25920,N,1,247,201906
20190508,20190507,73,164060073,050241396,25952,N,1,248,201906
20190508,20190507,73,164060073,050245012,25953,N,1,249,201906
20190508,20190507,73,164060073,050326469,25944,N,1,250,201906
20190508,20190507,73,164060073,050349732,25937,N,1,251,201906
20190508,20190507,73,164060073,051209015,25943,N,1,252,201906
20190508,20190507,73,164060073,052429548,25932,E,1,253,201906
20190508,20190508,73,164060073,084501051,25918,O,2,254,201906
20190508,20190508,73,164060073,084712680,25929,N,1,255,201906
20190508,20190508,73,164060073,084736766,25929,N,2,256,201906
20190508,20190508,73,164060073,085148254,25922,N,1,257,201906
20190508,20190508,73,164060073,085321906,25900,N,1,258,201906
20190508,20190508,73,164060073,085859939,25900,N,1,259,201906
20190508,20190508,73,164060073,090145245,25890,N,1,260,201906
20190508,20190508,73,164060073,090530873,25915,N,5,261,201906
20190508,20190508,73,164060073,090944822,25912,N,1,262,201906
20190508,20190508,73,164060073,091054793,25915,N,8,263,201906
20190508,20190508,73,164060073,091109677,25909,N,7,264,201906
20190508,20190508,73,164060073,092210303,25927,N,1,265,201906
20190508,20190508,73,164060073,092223788,25922,N,1,266,201906
20190508,20190508,73,164060073,092302852,25927,N,1,267,201906
20190508,20190508,73,164060073,092651791,25929,N,1,268,201906
20190508,20190508,73,164060073,092951218,25927,N,4,269,201906
20190508,20190508,73,164060073,092951347,25929,N,3,270,201906
20190508,20190508,73,164060073,093256931,25928,N,10,271,201906
20190508,20190508,73,164060073,094908981,25935,N,1,272,201906
20190508,20190508,73,164060073,094910252,25935,N,1,273,201906
20190508,20190508,73,164060073,095345928,25924,N,1,274,201906
20190508,20190508,73,164060073,095730143,25926,N,1,275,201906
20190508,20190508,73,164060073,100215137,25930,N,8,276,201906
20190508,20190508,73,164060073,100720362,25950,N,1,277,201906
20190508,20190508,73,164060073,100817349,25952,N,1,278,201906
20190508,20190508,73,164060073,101301957,25937,N,1,279,201906
20190508,20190508,73,164060073,101836324,25960,N,2,280,201906
20190508,20190508,73,164060073,101836430,25962,N,1,281,201906
20190508,20190508,73,164060073,102815879,25950,N,1,282,201906
20190508,20190508,73,164060073,103226918,25960,N,1,283,201906
20190508,20190508,73,164060073,103554922,25961,N,10,284,201906
20190508,20190508,73,164060073,104401343,25976,N,1,285,201906
20190508,20190508,73,164060073,105220796,25976,N,1,286,201906
20190508,20190508,73,164060073,105507052,25975,N,1,287,201906
20190508,20190508,73,164060073,105556235,25976,N,10,288,201906
20190508,20190508,73,164060073,110056594,25980,N,4,289,201906
20190508,20190508,73,164060073,110056595,25986,N,1,290,201906
20190508,20190508,73,164060073,114001207,25998,N,3,291,201906
20190508,20190508,73,164060073,114138675,26000,N,1,292,201906
20190508,20190508,73,164060073,114534428,26000,N,9,293,201906
20190508,20190508,73,164060073,115433572,26000,N,1,294,201906
20190508,20190508,73,164060073,120355992,25990,N,1,295,201906
20190508,20190508,73,164060073,120357790,25989,N,1,296,201906
20190508,20190508,73,164060073,122252087,25994,N,1,297,201906
20190508,20190508,73,164060073,122653294,25992,N,1,298,201906
20190508,20190508,73,164060073,122839341,25990,N,5,299,201906
20190508,20190508,73,164060073,123033259,25989,N,1,300,201906
20190508,20190508,73,164060073,123829473,25974,N,4,301,201906
20190508,20190508,73,164060073,125018393,25975,N,2,302,201906
20190508,20190508,73,164060073,125739580,25978,N,1,303,201906
20190508,20190508,73,164060073,132157744,25965,N,3,304,201906
20190508,20190508,73,164060073,133340369,25972,N,4,305,201906
20190508,20190508,73,164060073,133340903,25971,N,1,306,201906
20190508,20190508,73,164060073,133924097,25970,N,3,307,201906
20190508,20190508,73,164060073,133932257,25971,N,1,308,201906
20190508,20190508,73,164060073,134007481,25970,N,1,309,201906
20190508,20190508,73,164060073,134249667,25968,N,1,310,201906
20190508,20190508,73,164060073,134450451,25975,N,5,311,201906
20190508,20190508,73,164060073,134517126,25976,N,31,312,201906
20190508,20190508,73,164060073,134517126,25975,N,3,313,201906
20190508,20190508,73,164060073,134522363,25977,N,11,314,201906
20190508,20190508,73,164060073,134820373,25976,N,1,315,201906
20190508,20190508,73,164060073,134922324,25976,N,3,316,201906
20190508,20190508,73,164060073,134923340,25977,N,1,317,201906
20190508,20190508,73,164060073,134947048,25977,N,1,318,201906
20190508,20190508,73,164060073,135630669,25981,N,1,319,201906
20190508,20190508,73,164060073,140341066,25983,N,1,320,201906
20190508,20190508,73,164060073,141018022,25970,N,2,321,201906
20190508,20190508,73,164060073,141138120,25978,N,1,322,201906
20190508,20190508,73,164060073,141309226,25967,N,1,323,201906
20190508,20190508,73,164060073,141759543,25971,N,30,324,201906
20190508,20190508,73,164060073,142220709,25964,N,2,325,201906
20190508,20190508,73,164060073,142526427,25962,N,1,326,201906
20190508,20190508,73,164060073,143518691,25964,N,1,327,201906
20190508,20190508,73,164060073,144303683,25947,N,4,328,201906
20190508,20190508,73,164060073,144542428,25949,N,3,329,201906
20190508,20190508,73,164060073,145007293,25954,N,1,330,201906
20190508,20190508,73,164060073,145143953,25968,N,2,331,201906
20190508,20190508,73,164060073,145253516,25970,N,2,332,201906
20190508,20190508,73,164060073,145713605,25974,N,1,333,201906
20190508,20190508,73,164060073,145821434,25966,N,1,334,201906
20190508,20190508,73,164060073,145831094,25966,N,1,335,201906
20190508,20190508,73,164060073,145839903,25966,N,1,336,201906
20190508,20190508,73,164060073,150202038,25966,N,2,337,201906
20190508,20190508,73,164060073,151501008,25980,E,2,338,201906
20190508,20190507,73,164090073,002552873,25972,O,1,339,201909
20190508,20190508,73,164090073,145623480,25971,O,1,340,201909
20190509,20190508,73,164060073,163001046,25969,O,2,1,201906
20190509,20190508,73,164060073,163034916,25969,N,1,2,201906
20190509,20190508,73,164060073,163143135,25969,N,1,3,201906
20190509,20190508,73,164060073,163210173,25977,N,2,4,201906
20190509,20190508,73,164060073,163236691,25970,N,1,5,201906
20190509,20190508,73,164060073,164251314,25980,N,1,6,201906
20190509,20190508,73,164060073,164322473,25978,N,1,7,201906
20190509,20190508,73,164060073,164757759,25970,N,1,8,201906
20190509,20190508,73,164060073,165453089,25990,N,1,9,201906
20190509,20190508,73,164060073,165545415,25982,N,1,10,201906
20190509,20190508,73,164060073,165805784,25993,N,1,11,201906
20190509,20190508,73,164060073,165920961,25995,N,1,12,201906
20190509,20190508,73,164060073,170118730,25995,N,1,13,201906
20190509,20190508,73,164060073,170334755,25993,N,22,14,201906
20190509,20190508,73,164060073,170621541,25993,N,8,15,201906
20190509,20190508,73,164060073,171439937,26009,N,10,16,201906
20190509,20190508,73,164060073,171439944,26016,N,11,17,201906
20190509,20190508,73,164060073,171439945,26021,N,5,18,201906
20190509,20190508,73,164060073,171500358,26025,N,11,19,201906
20190509,20190508,73,164060073,171500408,26027,N,11,20,201906
20190509,20190508,73,164060073,171616221,26024,N,1,21,201906
20190509,20190508,73,164060073,171908115,26028,N,1,22,201906
20190509,20190508,73,164060073,171919484,26024,N,1,23,201906
20190509,20190508,73,164060073,171931494,26017,N,1,24,201906
20190509,20190508,73,164060073,171931494,26016,N,1,25,201906
20190509,20190508,73,164060073,171943492,26017,N,1,26,201906
20190509,20190508,73,164060073,172005459,26017,N,2,27,201906
20190509,20190508,73,164060073,172146291,26014,N,3,28,201906
20190509,20190508,73,164060073,173223392,25994,N,1,29,201906
20190509,20190508,73,164060073,174135987,25989,N,1,30,201906
20190509,20190508,73,164060073,174557991,25970,N,10,31,201906
20190509,20190508,73,164060073,174558764,25969,N,2,32,201906
20190509,20190508,73,164060073,174604819,25965,N,10,33,201906
20190509,20190508,73,164060073,174605517,25983,N,10,34,201906
20190509,20190508,73,164060073,174618406,25981,N,10,35,201906
20190509,20190508,73,164060073,174807168,25956,N,1,36,201906
20190509,20190508,73,164060073,174807332,25950,N,1,37,201906
20190509,20190508,73,164060073,174843334,25938,N,1,38,201906
20190509,20190508,73,164060073,180051755,25938,N,1,39,201906
20190509,20190508,73,164060073,180233795,25933,N,10,40,201906
20190509,20190508,73,164060073,180233799,25936,N,11,41,201906
20190509,20190508,73,164060073,180555791,25936,N,3,42,201906
20190509,20190508,73,164060073,181259966,25923,N,1,43,201906
20190509,20190508,73,164060073,182420442,25915,N,1,44,201906
20190509,20190508,73,164060073,182420481,25915,N,1,45,201906
20190509,20190508,73,164060073,182635322,25900,N,1,46,201906
20190509,20190508,73,164060073,182938084,25909,N,1,47,201906
20190509,20190508,73,164060073,184006268,25883,N,2,48,201906
20190509,20190508,73,164060073,184217947,25880,N,1,49,201906
20190509,20190508,73,164060073,184524906,25863,N,10,50,201906
20190509,20190508,73,164060073,184621969,25876,N,1,51,201906
20190509,20190508,73,164060073,184646478,25870,N,9,52,201906
20190509,20190508,73,164060073,184942658,25865,N,1,53,201906
20190509,20190508,73,164060073,185141910,25850,N,1,54,201906
20190509,20190508,73,164060073,185225604,25853,N,1,55,201906
20190509,20190508,73,164060073,185541103,25857,N,3,56,201906
20190509,20190508,73,164060073,190304886,25844,N,3,57,201906
20190509,20190508,73,164060073,190358018,25859,N,1,58,201906
20190509,20190508,73,164060073,190514952,25860,N,1,59,201906
20190509,20190508,73,164060073,190543084,25851,N,10,60,201906
20190509,20190508,73,164060073,190810402,25849,N,1,61,201906
20190509,20190508,73,164060073,190927877,25855,N,1,62,201906
20190509,20190508,73,164060073,191226090,25842,N,1,63,201906
20190509,20190508,73,164060073,191522034,25843,N,1,64,201906
20190509,20190508,73,164060073,191602376,25839,N,1,65,201906
20190509,20190508,73,164060073,191744324,25846,N,2,66,201906
20190509,20190508,73,164060073,191811927,25846,N,3,67,201906
20190509,20190508,73,164060073,191811927,25845,N,1,68,201906
20190509,20190508,73,164060073,191903210,25844,N,1,69,201906
20190509,20190508,73,164060073,192339932,25841,N,1,70,201906
20190509,20190508,73,164060073,192349618,25842,N,2,71,201906
20190509,20190508,73,164060073,192427626,25840,N,2,72,201906
20190509,20190508,73,164060073,192526714,25845,N,1,73,201906
20190509,20190508,73,164060073,192526714,25844,N,1,74,201906
20190509,20190508,73,164060073,192748098,25855,N,1,75,201906
20190509,20190508,73,164060073,192845824,25860,N,1,76,201906
20190509,20190508,73,164060073,193318314,25855,N,2,77,201906
20190509,20190508,73,164060073,193627120,25857,N,1,78,201906
20190509,20190508,73,164060073,193656952,25864,N,4,79,201906
20190509,20190508,73,164060073,194005199,25862,N,1,80,201906
20190509,20190508,73,164060073,194317641,25850,N,1,81,201906
20190509,20190508,73,164060073,195344543,25870,N,2,82,201906
20190509,20190508,73,164060073,200307417,25802,N,1,83,201906
20190509,20190508,73,164060073,200307418,25798,N,3,84,201906
20190509,20190508,73,164060073,200407060,25806,N,10,85,201906
20190509,20190508,73,164060073,200614875,25816,N,2,86,201906
20190509,20190508,73,164060073,201252215,25814,N,21,87,201906
20190509,20190508,73,164060073,201305737,25808,N,20,88,201906
20190509,20190508,73,164060073,201557168,25813,N,1,89,201906
20190509,20190508,73,164060073,202158486,25797,N,1,90,201906
20190509,20190508,73,164060073,202549805,25828,N,10,91,201906
20190509,20190508,73,164060073,202637117,25826,N,1,92,201906
20190509,20190508,73,164060073,202958396,25829,N,1,93,201906
20190509,20190508,73,164060073,203108832,25812,N,4,94,201906
20190509,20190508,73,164060073,203524206,25819,N,10,95,201906
20190509,20190508,73,164060073,204031196,25831,N,10,96,201906
20190509,20190508,73,164060073,204718511,25815,N,1,97,201906
20190509,20190508,73,164060073,204913686,25813,N,10,98,201906
20190509,20190508,73,164060073,210204706,25846,N,10,99,201906
20190509,20190508,73,164060073,210328015,25833,N,2,100,201906
20190509,20190508,73,164060073,210421494,25832,N,5,101,201906
20190509,20190508,73,164060073,210649050,25831,N,10,102,201906
20190509,20190508,73,164060073,211111042,25842,N,10,103,201906
20190509,20190508,73,164060073,211111045,25843,N,10,104,201906
20190509,20190508,73,164060073,211111045,25845,N,2,105,201906
20190509,20190508,73,164060073,211111185,25853,N,11,106,201906
20190509,20190508,73,164060073,211111300,25853,N,5,107,201906
20190509,20190508,73,164060073,211206586,25845,N,1,108,201906
20190509,20190508,73,164060073,212047987,25849,N,5,109,201906
20190509,20190508,73,164060073,212343771,25855,N,1,110,201906
20190509,20190508,73,164060073,212407147,25858,N,10,111,201906
20190509,20190508,73,164060073,212407267,25860,N,4,112,201906
20190509,20190508,73,164060073,213702816,25825,N,1,113,201906
20190509,20190508,73,164060073,213741729,25826,N,1,114,201906
20190509,20190508,73,164060073,213841465,25816,N,2,115,201906
20190509,20190508,73,164060073,214154647,25815,N,1,116,201906
20190509,20190508,73,164060073,214453802,25821,N,10,117,201906
20190509,20190508,73,164060073,214528647,25809,N,5,118,201906
20190509,20190508,73,164060073,214606394,25802,N,5,119,201906
20190509,20190508,73,164060073,214824607,25800,N,1,120,201906
20190509,20190508,73,164060073,214838729,25810,N,10,121,201906
20190509,20190508,73,164060073,214911781,25829,N,1,122,201906
20190509,20190508,73,164060073,214917054,25860,N,2,123,201906
20190509,20190508,73,164060073,214921995,25857,N,10,124,201906
20190509,20190508,73,164060073,214922668,25847,N,10,125,201906
20190509,20190508,73,164060073,214926145,25848,N,10,126,201906
20190509,20190508,73,164060073,214932113,25851,N,10,127,201906
20190509,20190508,73,164060073,214938725,25880,N,1,128,201906
20190509,20190508,73,164060073,214941096,25891,N,1,129,201906
20190509,20190508,73,164060073,215030433,25900,N,4,130,201906
20190509,20190508,73,164060073,215052427,25920,N,2,131,201906
20190509,20190508,73,164060073,215052428,25924,N,1,132,201906
20190509,20190508,73,164060073,215052428,25924,N,4,133,201906
20190509,20190508,73,164060073,215055565,25927,N,10,134,201906
20190509,20190508,73,164060073,215102973,25920,N,2,135,201906
20190509,20190508,73,164060073,215106752,25920,N,10,136,201906
20190509,20190508,73,164060073,215106752,25921,N,10,137,201906
20190509,20190508,73,164060073,215113644,25933,N,1,138,201906
20190509,20190508,73,164060073,215137480,25926,N,1,139,201906
20190509,20190508,73,164060073,215139313,25921,N,20,140,201906
20190509,20190508,73,164060073,215151793,25921,N,1,141,201906
20190509,20190508,73,164060073,215153460,25900,N,1,142,201906
20190509,20190508,73,164060073,215206217,25893,N,1,143,201906
20190509,20190508,73,164060073,215216169,25885,N,1,144,201906
20190509,20190508,73,164060073,215543406,25904,N,31,145,201906
20190509,20190508,73,164060073,215548432,25907,N,10,146,201906
20190509,20190508,73,164060073,215706041,25905,N,3,147,201906
20190509,20190508,73,164060073,215713124,25904,N,10,148,201906
20190509,20190508,73,164060073,215723278,25904,N,1,149,201906
20190509,20190508,73,164060073,215736517,25907,N,11,150,201906
20190509,20190508,73,164060073,215747172,25909,N,10,151,201906
20190509,20190508,73,164060073,220319450,25883,N,2,152,201906
20190509,20190508,73,164060073,220503540,25868,N,1,153,201906
20190509,20190508,73,164060073,220555952,25873,N,10,154,201906
20190509,20190508,73,164060073,221045496,25869,N,1,155,201906
20190509,20190508,73,164060073,221119144,25870,N,1,156,201906
20190509,20190508,73,164060073,221821097,25879,N,1,157,201906
20190509,20190508,73,164060073,222603073,25880,N,3,158,201906
20190509,20190508,73,164060073,222624604,25880,N,1,159,201906
20190509,20190508,73,164060073,223046288,25910,N,31,160,201906
20190509,20190508,73,164060073,223048611,25911,N,10,161,201906
20190509,20190508,73,164060073,223055287,25915,N,1,162,201906
20190509,20190508,73,164060073,223125403,25907,N,1,163,201906
20190509,20190508,73,164060073,223126563,25910,N,20,164,201906
20190509,20190508,73,164060073,223204524,25890,N,1,165,201906
20190509,20190508,73,164060073,223218437,25882,N,1,166,201906
20190509,20190508,73,164060073,223358867,25850,N,10,167,201906
20190509,20190508,73,164060073,223433813,25860,N,10,168,201906
20190509,20190508,73,164060073,223533247,25846,N,1,169,201906
20190509,20190508,73,164060073,223635126,25840,N,11,170,201906
20190509,20190508,73,164060073,223709137,25840,N,1,171,201906
20190509,20190508,73,164060073,223837393,25843,N,11,172,201906
20190509,20190508,73,164060073,223837395,25843,N,10,173,201906
20190509,20190508,73,164060073,224105019,25860,N,10,174,201906
20190509,20190508,73,164060073,224150904,25906,N,1,175,201906
20190509,20190508,73,164060073,224224033,25882,N,1,176,201906
20190509,20190508,73,164060073,224306601,25880,N,1,177,201906
20190509,20190508,73,164060073,224629816,25910,N,1,178,201906
20190509,20190508,73,164060073,224726226,25913,N,11,179,201906
20190509,20190508,73,164060073,224726455,25911,N,11,180,201906
20190509,20190508,73,164060073,224839646,25918,N,1,181,201906
20190509,20190508,73,164060073,224927881,25939,N,3,182,201906
20190509,20190508,73,164060073,224943157,25924,N,10,183,201906
20190509,20190508,73,164060073,224947578,25918,N,21,184,201906
20190509,20190508,73,164060073,225006473,25914,N,1,185,201906
20190509,20190508,73,164060073,225315789,25914,N,1,186,201906
20190509,20190508,73,164060073,225604031,25903,N,11,187,201906
20190509,20190508,73,164060073,225639539,25890,N,1,188,201906
20190509,20190508,73,164060073,225804227,25877,N,1,189,201906
20190509,20190508,73,164060073,225811036,25873,N,10,190,201906
20190509,20190508,73,164060073,225811038,25874,N,10,191,201906
20190509,20190508,73,164060073,225833881,25882,N,2,192,201906
20190509,20190508,73,164060073,230036637,25926,N,1,193,201906
20190509,20190508,73,164060073,230039793,25924,N,20,194,201906
20190509,20190508,73,164060073,232018334,25936,N,10,195,201906
20190509,20190508,73,164060073,232059899,25922,N,1,196,201906
20190509,20190508,73,164060073,232105780,25915,N,11,197,201906
20190509,20190508,73,164060073,232105783,25914,N,10,198,201906
20190509,20190508,73,164060073,232132065,25903,N,1,199,201906
20190509,20190508,73,164060073,233438146,25863,N,1,200,201906
20190509,20190508,73,164060073,233710429,25863,N,1,201,201906
20190509,20190508,73,164060073,233917383,25858,N,1,202,201906
20190509,20190508,73,164060073,234109152,25890,N,1,203,201906
20190509,20190508,73,164060073,234758947,25918,N,1,204,201906
20190509,20190508,73,164060073,235314904,25900,N,3,205,201906
20190509,20190508,73,164060073,235919901,25900,N,10,206,201906
20190509,20190508,73,164060073,235925927,25946,N,1,207,201906
20190509,20190508,73,164060073,235926399,25950,N,3,208,201906
20190509,20190508,73,164060073,235926405,25951,N,10,209,201906
20190509,20190508,73,164060073,235944542,25960,N,1,210,201906
20190509,20190508,73,164060073,000015153,25980,N,1,211,201906
20190509,20190508,73,164060073,000025316,25990,N,2,212,201906
20190509,20190508,73,164060073,000040144,25987,N,21,213,201906
20190509,20190508,73,164060073,000041194,25992,N,10,214,201906
20190509,20190508,73,164060073,000150066,25980,N,5,215,201906
20190509,20190508,73,164060073,000152063,25976,N,10,216,201906
20190509,20190508,73,164060073,000230846,25957,N,1,217,201906
20190509,20190508,73,164060073,000238426,25955,N,5,218,201906
20190509,20190508,73,164060073,000324892,25975,N,10,219,201906
20190509,20190508,73,164060073,000420478,25988,N,1,220,201906
20190509,20190508,73,164060073,000445567,26000,N,1,221,201906
20190509,20190508,73,164060073,000800200,26030,N,1,222,201906
20190509,20190508,73,164060073,000919135,26000,N,1,223,201906
20190509,20190508,73,164060073,001034050,26010,N,1,224,201906
20190509,20190508,73,164060073,001201218,26000,N,3,225,201906
20190509,20190508,73,164060073,001203236,26000,N,1,226,201906
20190509,20190508,73,164060073,001341060,25989,N,1,227,201906
20190509,20190508,73,164060073,001916502,26000,N,20,228,201906
20190509,20190508,73,164060073,002025887,25993,N,5,229,201906
20190509,20190508,73,164060073,002140401,26004,N,10,230,201906
20190509,20190508,73,164060073,002226797,25989,N,2,231,201906
20190509,20190508,73,164060073,002245476,25983,N,10,232,201906
20190509,20190508,73,164060073,002417499,25988,N,10,233,201906
20190509,20190508,73,164060073,002630358,26011,N,1,234,201906
20190509,20190508,73,164060073,002843850,25980,N,1,235,201906
20190509,20190508,73,164060073,002947466,25980,N,1,236,201906
20190509,20190508,73,164060073,003030806,25964,N,1,237,201906
20190509,20190508,73,164060073,003138234,25992,N,1,238,201906
20190509,20190508,73,164060073,003326465,25958,N,10,239,201906
20190509,20190508,73,164060073,003326574,25957,N,10,240,201906
20190509,20190508,73,164060073,003326863,25954,N,10,241,201906
20190509,20190508,73,164060073,003332117,25946,N,10,242,201906
20190509,20190508,73,164060073,003355345,25944,N,10,243,201906
20190509,20190508,73,164060073,003415068,25956,N,1,244,201906
20190509,20190508,73,164060073,003509696,25964,N,10,245,201906
20190509,20190508,73,164060073,003520543,25960,N,1,246,201906
20190509,20190508,73,164060073,003750382,25923,N,1,247,201906
20190509,20190508,73,164060073,003757197,25921,N,1,248,201906
20190509,20190508,73,164060073,003814912,25922,N,1,249,201906
20190509,20190508,73,164060073,004154985,25922,N,1,250,201906
20190509,20190508,73,164060073,004217313,25925,N,3,251,201906
20190509,20190508,73,164060073,004228055,25928,N,1,252,201906
20190509,20190508,73,164060073,004403159,25927,N,1,253,201906
20190509,20190508,73,164060073,005221128,25955,N,5,254,201906
20190509,20190508,73,164060073,005524383,25950,N,1,255,201906
20190509,20190508,73,164060073,005546063,25948,N,1,256,201906
20190509,20190508,73,164060073,005630594,25956,N,10,257,201906
20190509,20190508,73,164060073,005632382,25967,N,5,258,201906
20190509,20190508,73,164060073,010154988,25943,N,5,259,201906
20190509,20190508,73,164060073,010157864,25943,N,1,260,201906
20190509,20190508,73,164060073,010910129,25902,N,5,261,201906
20190509,20190508,73,164060073,011359604,25914,N,1,262,201906
20190509,20190508,73,164060073,012321899,25933,N,2,263,201906
20190509,20190508,73,164060073,012406092,25921,N,1,264,201906
20190509,20190508,73,164060073,012947935,25948,N,1,265,201906
20190509,20190508,73,164060073,014242717,25964,N,1,266,201906
20190509,20190508,73,164060073,014333666,25968,N,3,267,201906
20190509,20190508,73,164060073,014505766,25973,N,3,268,201906
20190509,20190508,73,164060073,014540478,25977,N,3,269,201906
20190509,20190508,73,164060073,014601805,25979,N,3,270,201906
20190509,20190508,73,164060073,014628491,25980,N,3,271,201906
20190509,20190508,73,164060073,014633514,25980,N,3,272,201906
20190509,20190508,73,164060073,014636322,25983,N,3,273,201906
20190509,20190508,73,164060073,014655467,25985,N,3,274,201906
20190509,20190508,73,164060073,014703068,25987,N,3,275,201906
20190509,20190508,73,164060073,014708027,25990,N,5,276,201906
20190509,20190508,73,164060073,014715677,25988,N,1,277,201906
20190509,20190508,73,164060073,014934343,25973,N,1,278,201906
20190509,20190508,73,164060073,015134453,25995,N,3,279,201906
20190509,20190508,73,164060073,015646111,26000,N,5,280,201906
20190509,20190508,73,164060073,015906646,26002,N,5,281,201906
20190509,20190508,73,164060073,020430928,26009,N,5,282,201906
20190509,20190508,73,164060073,020643623,26016,N,1,283,201906
20190509,20190508,73,164060073,020719405,26016,N,4,284,201906
20190509,20190508,73,164060073,020720455,26018,N,5,285,201906
20190509,20190508,73,164060073,020723399,26020,N,5,286,201906
20190509,20190508,73,164060073,021447171,25990,N,1,287,201906
20190509,20190508,73,164060073,023152427,26001,N,1,288,201906
20190509,20190508,73,164060073,024517864,25993,N,2,289,201906
20190509,20190508,73,164060073,025356652,25986,N,7,290,201906
20190509,20190508,73,164060073,025442917,25982,N,5,291,201906
20190509,20190508,73,164060073,025501324,25978,N,2,292,201906
20190509,20190508,73,164060073,030001739,25994,N,1,293,201906
20190509,20190508,73,164060073,030455513,25986,N,5,294,201906
20190509,20190508,73,164060073,030503500,25986,N,5,295,201906
20190509,20190508,73,164060073,030537784,25988,N,5,296,201906
20190509,20190508,73,164060073,030604009,25984,N,5,297,201906
20190509,20190508,73,164060073,030609898,25983,N,5,298,201906
20190509,20190508,73,164060073,032426353,25995,N,5,299,201906
20190509,20190508,73,164060073,033055949,26020,N,1,300,201906
20190509,20190508,73,164060073,033332059,26015,N,1,301,201906
20190509,20190508,73,164060073,034452937,26030,N,5,302,201906
20190509,20190508,73,164060073,034453082,26030,N,2,303,201906
20190509,20190508,73,164060073,040011976,26030,N,1,304,201906
20190509,20190508,73,164060073,040109827,26034,N,1,305,201906
20190509,20190508,73,164060073,040137596,26030,N,1,306,201906
20190509,20190508,73,164060073,040138946,26030,N,1,307,201906
20190509,20190508,73,164060073,040139902,26030,N,1,308,201906
20190509,20190508,73,164060073,040142701,26032,N,1,309,201906
20190509,20190508,73,164060073,040335445,26035,N,2,310,201906
20190509,20190508,73,164060073,040451376,26028,N,2,311,201906
20190509,20190508,73,164060073,040606324,26025,N,1,312,201906
20190509,20190508,73,164060073,041110193,26029,N,1,313,201906
20190509,20190508,73,164060073,041847542,26042,N,4,314,201906
20190509,20190508,73,164060073,042332808,26059,N,1,315,201906
20190509,20190508,73,164060073,042332809,26059,N,1,316,201906
20190509,20190508,73,164060073,042332809,26059,N,1,317,201906
20190509,20190508,73,164060073,042332809,26059,N,5,318,201906
20190509,20190508,73,164060073,042343091,26055,N,1,319,201906
20190509,20190508,73,164060073,043404509,26052,N,2,320,201906
20190509,20190508,73,164060073,043633138,26047,N,4,321,201906
20190509,20190508,73,164060073,045500101,25933,N,1,322,201906
20190509,20190508,73,164060073,045500102,25927,N,4,323,201906
20190509,20190508,73,164060073,045920318,25927,N,11,324,201906
20190509,20190508,73,164060073,050319210,25962,N,1,325,201906
20190509,20190508,73,164060073,051408920,26000,N,2,326,201906
20190509,20190508,73,164060073,052043298,25985,E,1,327,201906
20190509,20190509,73,164060073,084501051,25954,O,1,328,201906
20190509,20190509,73,164060073,084805796,25950,N,1,329,201906
20190509,20190509,73,164060073,085144974,25946,N,1,330,201906
20190509,20190509,73,164060073,085305586,25948,N,7,331,201906
20190509,20190509,73,164060073,085442495,25950,N,1,332,201906
20190509,20190509,73,164060073,090228034,25944,N,1,333,201906
20190509,20190509,73,164060073,090238423,25957,N,1,334,201906
20190509,20190509,73,164060073,091852928,25957,N,1,335,201906
20190509,20190509,73,164060073,092127099,25957,N,1,336,201906
20190509,20190509,73,164060073,092930308,25947,N,1,337,201906
20190509,20190509,73,164060073,093358686,25925,N,1,338,201906
20190509,20190509,73,164060073,093517712,25920,N,1,339,201906
20190509,20190509,73,164060073,093628640,25918,N,1,340,201906
20190509,20190509,73,164060073,093809000,25915,N,1,341,201906
20190509,20190509,73,164060073,094249001,25911,N,1,342,201906
20190509,20190509,73,164060073,094502600,25876,N,1,343,201906
20190509,20190509,73,164060073,094502601,25876,N,5,344,201906
20190509,20190509,73,164060073,094502741,25875,N,1,345,201906
20190509,20190509,73,164060073,094903235,25890,N,2,346,201906
20190509,20190509,73,164060073,095333531,25903,N,5,347,201906
20190509,20190509,73,164060073,095409591,25907,N,2,348,201906
20190509,20190509,73,164060073,095620269,25899,N,2,349,201906
20190509,20190509,73,164060073,100937678,25907,N,1,350,201906
20190509,20190509,73,164060073,103042978,25901,N,2,351,201906
20190509,20190509,73,164060073,103337798,25907,N,3,352,201906
20190509,20190509,73,164060073,103758220,25910,N,1,353,201906
20190509,20190509,73,164060073,110336896,25889,N,1,354,201906
20190509,20190509,73,164060073,110929289,25875,N,2,355,201906
20190509,20190509,73,164060073,111128664,25866,N,1,356,201906
20190509,20190509,73,164060073,111241697,25875,N,7,357,201906
20190509,20190509,73,164060073,111314172,25862,N,1,358,201906
20190509,20190509,73,164060073,111327641,25861,N,1,359,201906
20190509,20190509,73,164060073,111453791,25865,N,1,360,201906
20190509,20190509,73,164060073,111837610,25850,N,11,361,201906
20190509,20190509,73,164060073,111840245,25850,N,11,362,201906
20190509,20190509,73,164060073,111840833,25850,N,28,363,201906
20190509,20190509,73,164060073,112116613,25844,N,2,364,201906
20190509,20190509,73,164060073,112314829,25853,N,2,365,201906
20190509,20190509,73,164060073,112602421,25848,N,1,366,201906
20190509,20190509,73,164060073,113008016,25846,N,8,367,201906
20190509,20190509,73,164060073,113659255,25840,N,1,368,201906
20190509,20190509,73,164060073,113940104,25839,N,1,369,201906
20190509,20190509,73,164060073,115201973,25837,N,1,370,201906
20190509,20190509,73,164060073,115506391,25851,N,1,371,201906
20190509,20190509,73,164060073,120106688,25851,N,1,372,201906
20190509,20190509,73,164060073,120313062,25851,N,1,373,201906
20190509,20190509,73,164060073,121003640,25841,N,1,374,201906
20190509,20190509,73,164060073,121003644,25840,N,1,375,201906
20190509,20190509,73,164060073,121003646,25840,N,1,376,201906
20190509,20190509,73,164060073,121047177,25842,N,1,377,201906
20190509,20190509,73,164060073,123406570,25847,N,3,378,201906
20190509,20190509,73,164060073,123725645,25852,N,1,379,201906
20190509,20190509,73,164060073,123754053,25850,N,1,380,201906
20190509,20190509,73,164060073,124356826,25850,N,2,381,201906
20190509,20190509,73,164060073,124408349,25843,N,1,382,201906
20190509,20190509,73,164060073,124454936,25843,N,1,383,201906
20190509,20190509,73,164060073,124602392,25834,N,20,384,201906
20190509,20190509,73,164060073,125323440,25851,N,20,385,201906
20190509,20190509,73,164060073,125323441,25852,N,10,386,201906
20190509,20190509,73,164060073,131830131,25863,N,1,387,201906
20190509,20190509,73,164060073,132845403,25862,N,1,388,201906
20190509,20190509,73,164060073,134803621,25858,N,1,389,201906
20190509,20190509,73,164060073,135606922,25853,N,1,390,201906
20190509,20190509,73,164060073,140146715,25851,N,1,391,201906
20190509,20190509,73,164060073,140253093,25844,N,2,392,201906
20190509,20190509,73,164060073,141214954,25883,N,19,393,201906
20190509,20190509,73,164060073,141858484,25900,N,10,394,201906
20190509,20190509,73,164060073,142034323,25892,N,1,395,201906
20190509,20190509,73,164060073,142838805,25870,N,1,396,201906
20190509,20190509,73,164060073,143016305,25864,N,1,397,201906
20190509,20190509,73,164060073,144914832,25886,N,1,398,201906
20190509,20190509,73,164060073,144939260,25887,N,1,399,201906
20190509,20190509,73,164060073,145807465,25880,N,2,400,201906
20190509,20190509,73,164060073,150328603,25883,N,1,401,201906
20190509,20190509,73,164060073,150345317,25883,N,2,402,201906
20190509,20190509,73,164060073,151501009,25895,E,2,403,201906
20190509,20190509,73,165030073,113737444,25777,O,1,404,202003
20190510,20190509,73,164060073,163947081,25770,O,1,1,201906
20190510,20190509,73,164060073,163947082,25771,N,2,2,201906
20190510,20190509,73,164060073,164649383,25804,N,10,3,201906
20190510,20190509,73,164060073,164952810,25753,N,1,4,201906
20190510,20190509,73,164060073,165125546,25778,N,1,5,201906
20190510,20190509,73,164060073,165913069,25787,N,1,6,201906
20190510,20190509,73,164060073,170413882,25815,N,1,7,201906
20190510,20190509,73,164060073,170627248,25800,N,10,8,201906
20190510,20190509,73,164060073,170627248,25801,N,20,9,201906
20190510,20190509,73,164060073,171127974,25781,N,1,10,201906
20190510,20190509,73,164060073,171521238,25772,N,1,11,201906
20190510,20190509,73,164060073,173948455,25794,N,1,12,201906
20190510,20190509,73,164060073,180056459,25805,N,1,13,201906
20190510,20190509,73,164060073,180942953,25804,N,5,14,201906
20190510,20190509,73,164060073,181504079,25817,N,3,15,201906
20190510,20190509,73,164060073,182149261,25813,N,12,16,201906
20190510,20190509,73,164060073,183049545,25793,N,1,17,201906
20190510,20190509,73,164060073,183109375,25790,N,10,18,201906
20190510,20190509,73,164060073,184706304,25781,N,1,19,201906
20190510,20190509,73,164060073,185214107,25797,N,1,20,201906
20190510,20190509,73,164060073,185312985,25796,N,2,21,201906
20190510,20190509,73,164060073,185819609,25795,N,5,22,201906
20190510,20190509,73,164060073,190647669,25795,N,1,23,201906
20190510,20190509,73,164060073,192817799,25787,N,1,24,201906
20190510,20190509,73,164060073,193327770,25802,N,3,25,201906
20190510,20190509,73,164060073,200926682,25834,N,1,26,201906
20190510,20190509,73,164060073,201224155,25830,N,1,27,201906
20190510,20190509,73,164060073,201438600,25830,N,1,28,201906
20190510,20190509,73,164060073,202146541,25834,N,1,29,201906
20190510,20190509,73,164060073,203714512,25811,N,1,30,201906
20190510,20190509,73,164060073,205330500,25837,N,30,31,201906
20190510,20190509,73,164060073,210231249,25810,N,10,32,201906
20190510,20190509,73,164060073,211040259,25812,N,1,33,201906
20190510,20190509,73,164060073,211740588,25806,N,1,34,201906
20190510,20190509,73,164060073,211836895,25806,N,1,35,201906
20190510,20190509,73,164060073,212146355,25808,N,1,36,201906
20190510,20190509,73,164060073,212519400,25808,N,1,37,201906
20190510,20190509,73,164060073,212648414,25815,N,1,38,201906
20190510,20190509,73,164060073,212720700,25816,N,1,39,201906
20190510,20190509,73,164060073,213454007,25818,N,1,40,201906
20190510,20190509,73,164060073,213833988,25820,N,1,41,201906
20190510,20190509,73,164060073,214005047,25809,N,1,42,201906
20190510,20190509,73,164060073,214153611,25797,N,1,43,201906
20190510,20190509,73,164060073,214202335,25796,N,1,44,201906
20190510,20190509,73,164060073,214730745,25792,N,1,45,201906
20190510,20190509,73,164060073,214736679,25780,N,1,46,201906
20190510,20190509,73,164060073,215041437,25773,N,10,47,201906
20190510,20190509,73,164060073,215122477,25773,N,1,48,201906
20190510,20190509,73,164060073,215800584,25784,N,1,49,201906
20190510,20190509,73,164060073,215821002,25779,N,2,50,201906
20190510,20190509,73,164060073,215824763,25774,N,1,51,201906
20190510,20190509,73,164060073,215844344,25770,N,1,52,201906
20190510,20190509,73,164060073,215921551,25764,N,1,53,201906
20190510,20190509,73,164060073,215923989,25764,N,1,54,201906
20190510,20190509,73,164060073,220136662,25761,N,1,55,201906
20190510,20190509,73,164060073,220558281,25754,N,30,56,201906
20190510,20190509,73,164060073,220647802,25742,N,10,57,201906
20190510,20190509,73,164060073,220647803,25733,N,3,58,201906
20190510,20190509,73,164060073,220742289,25732,N,1,59,201906
20190510,20190509,73,164060073,220742365,25730,N,2,60,201906
20190510,20190509,73,164060073,220746772,25722,N,1,61,201906
20190510,20190509,73,164060073,220824954,25713,N,1,62,201906
20190510,20190509,73,164060073,220824955,25712,N,12,63,201906
20190510,20190509,73,164060073,220824955,25709,N,8,64,201906
20190510,20190509,73,164060073,220902995,25723,N,2,65,201906
20190510,20190509,73,164060073,220942042,25716,N,10,66,201906
20190510,20190509,73,164060073,220942043,25717,N,3,67,201906
20190510,20190509,73,164060073,221007650,25718,N,1,68,201906
20190510,20190509,73,164060073,221042335,25729,N,10,69,201906
20190510,20190509,73,164060073,221206114,25741,N,1,70,201906
20190510,20190509,73,164060073,221424539,25740,N,4,71,201906
20190510,20190509,73,164060073,221507010,25743,N,1,72,201906
20190510,20190509,73,164060073,221736508,25745,N,1,73,201906
20190510,20190509,73,164060073,222458737,25731,N,10,74,201906
20190510,20190509,73,164060073,222458737,25731,N,10,75,201906
20190510,20190509,73,164060073,222458737,25726,N,10,76,201906
20190510,20190509,73,164060073,222458738,25725,N,1,77,201906
20190510,20190509,73,164060073,222458738,25724,N,8,78,201906
20190510,20190509,73,164060073,222627763,25727,N,1,79,201906
20190510,20190509,73,164060073,223012851,25702,N,1,80,201906
20190510,20190509,73,164060073,223021761,25700,N,11,81,201906
20190510,20190509,73,164060073,223021892,25700,N,4,82,201906
20190510,20190509,73,164060073,223031342,25700,N,1,83,201906
20190510,20190509,73,164060073,223322848,25748,N,1,84,201906
20190510,20190509,73,164060073,223511759,25743,N,1,85,201906
20190510,20190509,73,164060073,223723418,25703,N,1,86,201906
20190510,20190509,73,164060073,223725713,25700,N,4,87,201906
20190510,20190509,73,164060073,223734521,25694,N,1,88,201906
20190510,20190509,73,164060073,223843036,25745,N,1,89,201906
20190510,20190509,73,164060073,224023327,25725,N,10,90,201906
20190510,20190509,73,164060073,224243222,25702,N,1,91,201906
20190510,20190509,73,164060073,224300340,25700,N,1,92,201906
20190510,20190509,73,164060073,224310308,25694,N,10,93,201906
20190510,20190509,73,164060073,224323213,25692,N,1,94,201906
20190510,20190509,73,164060073,224508306,25682,N,1,95,201906
20190510,20190509,73,164060073,224539900,25672,N,1,96,201906
20190510,20190509,73,164060073,224549781,25669,N,2,97,201906
20190510,20190509,73,164060073,224615369,25669,N,3,98,201906
20190510,20190509,73,164060073,224626527,25670,N,1,99,201906
20190510,20190509,73,164060073,224630348,25674,N,1,100,201906
20190510,20190509,73,164060073,224658515,25676,N,10,101,201906
20190510,20190509,73,164060073,224717175,25675,N,4,102,201906
20190510,20190509,73,164060073,224849449,25670,N,1,103,201906
20190510,20190509,73,164060073,224911019,25666,N,1,104,201906
20190510,20190509,73,164060073,224934986,25667,N,1,105,201906
20190510,20190509,73,164060073,224936517,25668,N,10,106,201906
20190510,20190509,73,164060073,224949917,25667,N,1,107,201906
20190510,20190509,73,164060073,224956517,25664,N,10,108,201906
20190510,20190509,73,164060073,225000307,25662,N,1,109,201906
20190510,20190509,73,164060073,225028214,25652,N,1,110,201906
20190510,20190509,73,164060073,225046039,25642,N,1,111,201906
20190510,20190509,73,164060073,225125602,25638,N,1,112,201906
20190510,20190509,73,164060073,225159183,25642,N,1,113,201906
20190510,20190509,73,164060073,225200093,25641,N,1,114,201906
20190510,20190509,73,164060073,225215263,25632,N,1,115,201906
20190510,20190509,73,164060073,225225446,25648,N,1,116,201906
20190510,20190509,73,164060073,225242510,25638,N,10,117,201906
20190510,20190509,73,164060073,225243485,25635,N,1,118,201906
20190510,20190509,73,164060073,225247643,25642,N,10,119,201906
20190510,20190509,73,164060073,225308826,25642,N,3,120,201906
20190510,20190509,73,164060073,225318399,25633,N,1,121,201906
20190510,20190509,73,164060073,225350075,25628,N,1,122,201906
20190510,20190509,73,164060073,225353017,25625,N,1,123,201906
20190510,20190509,73,164060073,225415849,25626,N,1,124,201906
20190510,20190509,73,164060073,225501723,25632,N,1,125,201906
20190510,20190509,73,164060073,225527432,25635,N,1,126,201906
20190510,20190509,73,164060073,225556233,25644,N,2,127,201906
20190510,20190509,73,164060073,225557736,25644,N,2,128,201906
20190510,20190509,73,164060073,225608290,25635,N,1,129,201906
20190510,20190509,73,164060073,225610498,25634,N,2,130,201906
20190510,20190509,73,164060073,225617108,25635,N,2,131,201906
20190510,20190509,73,164060073,225649823,25634,N,2,132,201906
20190510,20190509,73,164060073,225659370,25627,N,2,133,201906
20190510,20190509,73,164060073,225850258,25644,N,1,134,201906
20190510,20190509,73,164060073,225927351,25659,N,1,135,201906
20190510,20190509,73,164060073,225957239,25661,N,1,136,201906
20190510,20190509,73,164060073,230112791,25627,N,1,137,201906
20190510,20190509,73,164060073,230120300,25622,N,1,138,201906
20190510,20190509,73,164060073,230126515,25612,N,1,139,201906
20190510,20190509,73,164060073,230142024,25619,N,1,140,201906
20190510,20190509,73,164060073,230318336,25628,N,2,141,201906
20190510,20190509,73,164060073,230605043,25618,N,1,142,201906
20190510,20190509,73,164060073,230612821,25615,N,10,143,201906
20190510,20190509,73,164060073,230829537,25628,N,10,144,201906
20190510,20190509,73,164060073,230859122,25620,N,1,145,201906
20190510,20190509,73,164060073,231045500,25628,N,1,146,201906
20190510,20190509,73,164060073,231244766,25628,N,5,147,201906
20190510,20190509,73,164060073,231740490,25621,N,2,148,201906
20190510,20190509,73,164060073,231755735,25615,N,4,149,201906
20190510,20190509,73,164060073,231802318,25613,N,1,150,201906
20190510,20190509,73,164060073,232013666,25612,N,1,151,201906
20190510,20190509,73,164060073,232015055,25609,N,1,152,201906
20190510,20190509,73,164060073,232145564,25602,N,1,153,201906
20190510,20190509,73,164060073,232146088,25600,N,4,154,201906
20190510,20190509,73,164060073,232312173,25592,N,1,155,201906
20190510,20190509,73,164060073,232355648,25582,N,1,156,201906
20190510,20190509,73,164060073,232429021,25575,N,4,157,201906
20190510,20190509,73,164060073,232503610,25572,N,1,158,201906
20190510,20190509,73,164060073,232503711,25562,N,11,159,201906
20190510,20190509,73,164060073,232503728,25565,N,10,160,201906
20190510,20190509,73,164060073,232503762,25561,N,5,161,201906
20190510,20190509,73,164060073,232503767,25560,N,1,162,201906
20190510,20190509,73,164060073,232503900,25561,N,10,163,201906
20190510,20190509,73,164060073,232503943,25563,N,10,164,201906
20190510,20190509,73,164060073,232527751,25566,N,5,165,201906
20190510,20190509,73,164060073,232551601,25560,N,1,166,201906
20190510,20190509,73,164060073,232551647,25552,N,1,167,201906
20190510,20190509,73,164060073,232557546,25550,N,7,168,201906
20190510,20190509,73,164060073,232628017,25542,N,1,169,201906
20190510,20190509,73,164060073,232640934,25532,N,1,170,201906
20190510,20190509,73,164060073,232722201,25544,N,1,171,201906
20190510,20190509,73,164060073,232827420,25569,N,10,172,201906
20190510,20190509,73,164060073,232827420,25571,N,1,173,201906
20190510,20190509,73,164060073,232843574,25566,N,6,174,201906
20190510,20190509,73,164060073,232851090,25574,N,1,175,201906
20190510,20190509,73,164060073,232938345,25573,N,1,176,201906
20190510,20190509,73,164060073,232946874,25570,N,10,177,201906
20190510,20190509,73,164060073,232950993,25567,N,10,178,201906
20190510,20190509,73,164060073,232953198,25567,N,10,179,201906
20190510,20190509,73,164060073,232955110,25563,N,10,180,201906
20190510,20190509,73,164060073,232958711,25563,N,10,181,201906
20190510,20190509,73,164060073,233000168,25562,N,10,182,201906
20190510,20190509,73,164060073,233001582,25561,N,10,183,201906
20190510,20190509,73,164060073,233002985,25560,N,10,184,201906
20190510,20190509,73,164060073,233004132,25557,N,10,185,201906
20190510,20190509,73,164060073,233005163,25558,N,10,186,201906
20190510,20190509,73,164060073,233006477,25557,N,10,187,201906
20190510,20190509,73,164060073,233007477,25561,N,10,188,201906
20190510,20190509,73,164060073,233008667,25561,N,10,189,201906
20190510,20190509,73,164060073,233010144,25563,N,10,190,201906
20190510,20190509,73,164060073,233011086,25565,N,10,191,201906
20190510,20190509,73,164060073,233012016,25566,N,10,192,201906
20190510,20190509,73,164060073,233012998,25563,N,10,193,201906
20190510,20190509,73,164060073,233014556,25563,N,10,194,201906
20190510,20190509,73,164060073,233021077,25559,N,2,195,201906
20190510,20190509,73,164060073,233150635,25564,N,10,196,201906
20190510,20190509,73,164060073,233342273,25564,N,1,197,201906
20190510,20190509,73,164060073,233354815,25549,N,5,198,201906
20190510,20190509,73,164060073,233356981,25556,N,2,199,201906
20190510,20190509,73,164060073,233430387,25556,N,4,200,201906
20190510,20190509,73,164060073,233430917,25556,N,1,201,201906
20190510,20190509,73,164060073,233601591,25554,N,2,202,201906
20190510,20190509,73,164060073,233717496,25532,N,1,203,201906
20190510,20190509,73,164060073,233949901,25530,N,1,204,201906
20190510,20190509,73,164060073,234027316,25534,N,1,205,201906
20190510,20190509,73,164060073,234101596,25526,N,10,206,201906
20190510,20190509,73,164060073,234735806,25588,N,1,207,201906
20190510,20190509,73,164060073,234855246,25591,N,1,208,201906
20190510,20190509,73,164060073,234904924,25596,N,1,209,201906
20190510,20190509,73,164060073,234926457,25598,N,1,210,201906
20190510,20190509,73,164060073,235156949,25586,N,1,211,201906
20190510,20190509,73,164060073,235209133,25575,N,1,212,201906
20190510,20190509,73,164060073,235425557,25568,N,1,213,201906
20190510,20190509,73,164060073,235435198,25570,N,1,214,201906
20190510,20190509,73,164060073,235436196,25568,N,1,215,201906
20190510,20190509,73,164060073,235910210,25532,N,1,216,201906
20190510,20190509,73,164060073,235938681,25522,N,1,217,201906
20190510,20190509,73,164060073,235951781,25521,N,5,218,201906
20190510,20190509,73,164060073,000543119,25536,N,3,219,201906
20190510,20190509,73,164060073,001406356,25577,N,11,220,201906
20190510,20190509,73,164060073,001408331,25578,N,3,221,201906
20190510,20190509,73,164060073,001759139,25565,N,5,222,201906
20190510,20190509,73,164060073,002153827,25549,N,1,223,201906
20190510,20190509,73,164060073,002443289,25522,N,1,224,201906
20190510,20190509,73,164060073,002626509,25514,N,10,225,201906
20190510,20190509,73,164060073,002630283,25512,N,1,226,201906
20190510,20190509,73,164060073,002631466,25510,N,2,227,201906
20190510,20190509,73,164060073,002713925,25500,N,10,228,201906
20190510,20190509,73,164060073,002714088,25500,N,1,229,201906
20190510,20190509,73,164060073,002714127,25500,N,6,230,201906
20190510,20190509,73,164060073,002722205,25500,N,1,231,201906
20190510,20190509,73,164060073,002730081,25502,N,10,232,201906
20190510,20190509,73,164060073,002759756,25503,N,1,233,201906
20190510,20190509,73,164060073,002802982,25503,N,10,234,201906
20190510,20190509,73,164060073,002817443,25501,N,1,235,201906
20190510,20190509,73,164060073,002828608,25504,N,10,236,201906
20190510,20190509,73,164060073,002832349,25506,N,10,237,201906
20190510,20190509,73,164060073,002833664,25502,N,10,238,201906
20190510,20190509,73,164060073,002835057,25505,N,10,239,201906
20190510,20190509,73,164060073,002836283,25507,N,10,240,201906
20190510,20190509,73,164060073,002837210,25506,N,10,241,201906
20190510,20190509,73,164060073,002838116,25505,N,10,242,201906
20190510,20190509,73,164060073,002839065,25505,N,10,243,201906
20190510,20190509,73,164060073,002840211,25507,N,10,244,201906
20190510,20190509,73,164060073,002841156,25506,N,10,245,201906
20190510,20190509,73,164060073,002842028,25507,N,10,246,201906
20190510,20190509,73,164060073,002844212,25506,N,10,247,201906
20190510,20190509,73,164060073,002845488,25506,N,10,248,201906
20190510,20190509,73,164060073,002846533,25506,N,10,249,201906
20190510,20190509,73,164060073,002853769,25508,N,10,250,201906
20190510,20190509,73,164060073,003020149,25542,N,1,251,201906
20190510,20190509,73,164060073,003036305,25533,N,1,252,201906
20190510,20190509,73,164060073,003423987,25547,N,1,253,201906
20190510,20190509,73,164060073,003515278,25549,N,1,254,201906
20190510,20190509,73,164060073,003602831,25546,N,1,255,201906
20190510,20190509,73,164060073,003802598,25550,N,1,256,201906
20190510,20190509,73,164060073,004138906,25529,N,10,257,201906
20190510,20190509,73,164060073,004204303,25520,N,1,258,201906
20190510,20190509,73,164060073,005621235,25594,N,10,259,201906
20190510,20190509,73,164060073,005621236,25595,N,1,260,201906
20190510,20190509,73,164060073,005624429,25594,N,10,261,201906
20190510,20190509,73,164060073,005624941,25594,N,10,262,201906
20190510,20190509,73,164060073,005625770,25594,N,5,263,201906
20190510,20190509,73,164060073,010429177,25576,N,1,264,201906
20190510,20190509,73,164060073,010430284,25574,N,1,265,201906
20190510,20190509,73,164060073,010708669,25570,N,2,266,201906
20190510,20190509,73,164060073,010721340,25561,N,1,267,201906
20190510,20190509,73,164060073,010940784,25590,N,1,268,201906
20190510,20190509,73,164060073,011357814,25600,N,1,269,201906
20190510,20190509,73,164060073,011453456,25612,N,1,270,201906
20190510,20190509,73,164060073,011758617,25622,N,3,271,201906
20190510,20190509,73,164060073,011823601,25638,N,1,272,201906
20190510,20190509,73,164060073,012438431,25618,N,10,273,201906
20190510,20190509,73,164060073,012438431,25619,N,10,274,201906
20190510,20190509,73,164060073,012511140,25622,N,10,275,201906
20190510,20190509,73,164060073,012511148,25624,N,10,276,201906
20190510,20190509,73,164060073,012511159,25625,N,10,277,201906
20190510,20190509,73,164060073,012512592,25640,N,10,278,201906
20190510,20190509,73,164060073,012514481,25650,N,1,279,201906
20190510,20190509,73,164060073,012629766,25672,N,8,280,201906
20190510,20190509,73,164060073,012629768,25680,N,1,281,201906
20190510,20190509,73,164060073,012759085,25650,N,1,282,201906
20190510,20190509,73,164060073,013102748,25688,N,1,283,201906
20190510,20190509,73,164060073,013157778,25705,N,1,284,201906
20190510,20190509,73,164060073,013203126,25706,N,10,285,201906
20190510,20190509,73,164060073,013203247,25717,N,1,286,201906
20190510,20190509,73,164060073,013205701,25707,N,10,287,201906
20190510,20190509,73,164060073,013207003,25707,N,10,288,201906
20190510,20190509,73,164060073,013208088,25707,N,10,289,201906
20190510,20190509,73,164060073,013209290,25708,N,10,290,201906
20190510,20190509,73,164060073,013210387,25708,N,10,291,201906
20190510,20190509,73,164060073,013211317,25711,N,10,292,201906
20190510,20190509,73,164060073,013212087,25706,N,10,293,201906
20190510,20190509,73,164060073,013212723,25712,N,10,294,201906
20190510,20190509,73,164060073,013213487,25711,N,10,295,201906
20190510,20190509,73,164060073,013214370,25714,N,10,296,201906
20190510,20190509,73,164060073,013215366,25713,N,10,297,201906
20190510,20190509,73,164060073,013216285,25715,N,10,298,201906
20190510,20190509,73,164060073,013217200,25716,N,10,299,201906
20190510,20190509,73,164060073,013217473,25715,N,10,300,201906
20190510,20190509,73,164060073,013218077,25692,N,10,301,201906
20190510,20190509,73,164060073,013245646,25721,N,3,302,201906
20190510,20190509,73,164060073,013334404,25716,N,10,303,201906
20190510,20190509,73,164060073,013630252,25749,N,1,304,201906
20190510,20190509,73,164060073,013632430,25752,N,1,305,201906
20190510,20190509,73,164060073,013638677,25752,N,9,306,201906
20190510,20190509,73,164060073,013703527,25757,N,9,307,201906
20190510,20190509,73,164060073,013707808,25757,N,1,308,201906
20190510,20190509,73,164060073,013707808,25762,N,1,309,201906
20190510,20190509,73,164060073,013744190,25767,N,10,310,201906
20190510,20190509,73,164060073,013918266,25769,N,11,311,201906
20190510,20190509,73,164060073,013918266,25768,N,10,312,201906
20190510,20190509,73,164060073,014037634,25787,N,5,313,201906
20190510,20190509,73,164060073,014100145,25794,N,10,314,201906
20190510,20190509,73,164060073,014104019,25790,N,3,315,201906
20190510,20190509,73,164060073,014128888,25800,N,1,316,201906
20190510,20190509,73,164060073,014128889,25807,N,1,317,201906
20190510,20190509,73,164060073,014224447,25766,N,10,318,201906
20190510,20190509,73,164060073,014250230,25773,N,10,319,201906
20190510,20190509,73,164060073,014250235,25772,N,10,320,201906
20190510,20190509,73,164060073,014315817,25746,N,10,321,201906
20190510,20190509,73,164060073,014502344,25740,N,10,322,201906
20190510,20190509,73,164060073,014504332,25736,N,1,323,201906
20190510,20190509,73,164060073,014514382,25753,N,2,324,201906
20190510,20190509,73,164060073,014555656,25749,N,2,325,201906
20190510,20190509,73,164060073,014600424,25749,N,10,326,201906
20190510,20190509,73,164060073,014601917,25749,N,10,327,201906
20190510,20190509,73,164060073,014650910,25744,N,20,328,201906
20190510,20190509,73,164060073,014901374,25734,N,3,329,201906
20190510,20190509,73,164060073,015241671,25766,N,6,330,201906
20190510,20190509,73,164060073,015653997,25770,N,2,331,201906
20190510,20190509,73,164060073,015807918,25773,N,10,332,201906
20190510,20190509,73,164060073,021129147,25773,N,1,333,201906
20190510,20190509,73,164060073,022040276,25741,N,10,334,201906
20190510,20190509,73,164060073,022525563,25761,N,5,335,201906
20190510,20190509,73,164060073,022529523,25758,N,5,336,201906
20190510,20190509,73,164060073,022530162,25757,N,11,337,201906
20190510,20190509,73,164060073,022603400,25762,N,11,338,201906
20190510,20190509,73,164060073,022609819,25761,N,5,339,201906
20190510,20190509,73,164060073,022622705,25761,N,11,340,201906
20190510,20190509,73,164060073,022637865,25761,N,11,341,201906
20190510,20190509,73,164060073,022707153,25756,N,11,342,201906
20190510,20190509,73,164060073,023006044,25758,N,5,343,201906
20190510,20190509,73,164060073,023045256,25751,N,5,344,201906
20190510,20190509,73,164060073,023112852,25745,N,11,345,201906
20190510,20190509,73,164060073,023158474,25740,N,1,346,201906
20190510,20190509,73,164060073,023209664,25744,N,5,347,201906
20190510,20190509,73,164060073,023422898,25762,N,1,348,201906
20190510,20190509,73,164060073,023557245,25747,N,8,349,201906
20190510,20190509,73,164060073,024530795,25790,N,5,350,201906
20190510,20190509,73,164060073,024716309,25798,N,1,351,201906
20190510,20190509,73,164060073,024854833,25818,N,10,352,201906
20190510,20190509,73,164060073,024854834,25823,N,1,353,201906
20190510,20190509,73,164060073,024927652,25845,N,1,354,201906
20190510,20190509,73,164060073,024942783,25854,N,10,355,201906
20190510,20190509,73,164060073,025153194,25804,N,2,356,201906
20190510,20190509,73,164060073,025202563,25822,N,1,357,201906
20190510,20190509,73,164060073,025254754,25836,N,10,358,201906
20190510,20190509,73,164060073,025732852,25828,N,5,359,201906
20190510,20190509,73,164060073,032704947,25804,N,1,360,201906
20190510,20190509,73,164060073,034916862,25827,N,5,361,201906
20190510,20190509,73,164060073,035920418,25770,N,7,362,201906
20190510,20190509,73,164060073,040049837,25750,N,5,363,201906
20190510,20190509,73,164060073,040049962,25750,N,5,364,201906
20190510,20190509,73,164060073,041255060,25725,N,12,365,201906
20190510,20190509,73,164060073,041956172,25750,N,1,366,201906
20190510,20190509,73,164060073,043125253,25801,N,1,367,201906
20190510,20190509,73,164060073,043544888,25800,N,1,368,201906
20190510,20190509,73,164060073,050045576,25808,N,1,369,201906
20190510,20190509,73,164060073,050438427,25835,N,1,370,201906
20190510,20190509,73,164060073,051655093,25822,N,1,371,201906
20190510,20190509,73,164060073,052454304,25818,N,10,372,201906
20190510,20190509,73,164060073,052454428,25818,E,10,373,201906
20190510,20190510,73,164060073,084501051,25821,O,2,374,201906
20190510,20190510,73,164060073,084615848,25834,N,4,375,201906
20190510,20190510,73,164060073,084631379,25834,N,1,376,201906
20190510,20190510,73,164060073,084708231,25832,N,1,377,201906
20190510,20190510,73,164060073,084754302,25834,N,1,378,201906
20190510,20190510,73,164060073,084808701,25835,N,5,379,201906
20190510,20190510,73,164060073,084904378,25835,N,1,380,201906
20190510,20190510,73,164060073,084917297,25843,N,3,381,201906
20190510,20190510,73,164060073,085028876,25841,N,1,382,201906
20190510,20190510,73,164060073,085510425,25814,N,5,383,201906
20190510,20190510,73,164060073,085733029,25829,N,1,384,201906
20190510,20190510,73,164060073,085833920,25826,N,1,385,201906
20190510,20190510,73,164060073,090049790,25850,N,1,386,201906
20190510,20190510,73,164060073,090056379,25860,N,5,387,201906
20190510,20190510,73,164060073,090056489,25865,N,1,388,201906
20190510,20190510,73,164060073,090116759,25861,N,1,389,201906
20190510,20190510,73,164060073,090232589,25865,N,2,390,201906
20190510,20190510,73,164060073,090315062,25857,N,5,391,201906
20190510,20190510,73,164060073,090435805,25860,N,1,392,201906
20190510,20190510,73,164060073,090510512,25864,N,1,393,201906
20190510,20190510,73,164060073,090511839,25874,N,19,394,201906
20190510,20190510,73,164060073,090512686,25873,N,5,395,201906
20190510,20190510,73,164060073,090512810,25873,N,5,396,201906
20190510,20190510,73,164060073,090519150,25880,N,5,397,201906
20190510,20190510,73,164060073,090519153,25881,N,11,398,201906
20190510,20190510,73,164060073,090521616,25895,N,11,399,201906
20190510,20190510,73,164060073,090523735,25900,N,7,400,201906
20190510,20190510,73,164060073,090523736,25903,N,11,401,201906
20190510,20190510,73,164060073,090524589,25902,N,10,402,201906
20190510,20190510,73,164060073,090527288,25911,N,10,403,201906
20190510,20190510,73,164060073,090528171,25911,N,10,404,201906
20190510,20190510,73,164060073,090531089,25918,N,1,405,201906
20190510,20190510,73,164060073,090542133,25944,N,1,406,201906
20190510,20190510,73,164060073,090546900,25941,N,1,407,201906
20190510,20190510,73,164060073,090631612,25907,N,3,408,201906
20190510,20190510,73,164060073,090728629,25924,N,1,409,201906
20190510,20190510,73,164060073,090827966,25919,N,1,410,201906
20190510,20190510,73,164060073,090923468,25914,N,1,411,201906
20190510,20190510,73,164060073,091058446,25923,N,10,412,201906
20190510,20190510,73,164060073,091355204,25916,N,1,413,201906
20190510,20190510,73,164060073,091410787,25929,N,10,414,201906
20190510,20190510,73,164060073,091746406,25910,N,2,415,201906
20190510,20190510,73,164060073,091802654,25907,N,3,416,201906
20190510,20190510,73,164060073,092146980,25907,N,5,417,201906
20190510,20190510,73,164060073,092232731,25915,N,1,418,201906
20190510,20190510,73,164060073,092332815,25950,N,5,419,201906
20190510,20190510,73,164060073,092332894,25957,N,1,420,201906
20190510,20190510,73,164060073,092343743,25946,N,2,421,201906
20190510,20190510,73,164060073,092420748,25960,N,1,422,201906
20190510,20190510,73,164060073,092525076,25963,N,5,423,201906
20190510,20190510,73,164060073,092609204,25959,N,1,424,201906
20190510,20190510,73,164060073,092610453,25959,N,10,425,201906
20190510,20190510,73,164060073,092636795,25948,N,2,426,201906
20190510,20190510,73,164060073,092722303,25942,N,10,427,201906
20190510,20190510,73,164060073,092755555,25930,N,10,428,201906
20190510,20190510,73,164060073,092800574,25909,N,10,429,201906
20190510,20190510,73,164060073,092806993,25869,N,10,430,201906
20190510,20190510,73,164060073,092807644,25859,N,10,431,201906
20190510,20190510,73,164060073,092812341,25832,N,10,432,201906
20190510,20190510,73,164060073,092814651,25811,N,10,433,201906
20190510,20190510,73,164060073,092816838,25812,N,10,434,201906
20190510,20190510,73,164060073,092816840,25821,N,5,435,201906
20190510,20190510,73,164060073,092822924,25802,N,10,436,201906
20190510,20190510,73,164060073,092826699,25803,N,1,437,201906
20190510,20190510,73,164060073,092827233,25795,N,10,438,201906
20190510,20190510,73,164060073,092847695,25873,N,10,439,201906
20190510,20190510,73,164060073,092853810,25864,N,10,440,201906
20190510,20190510,73,164060073,092912096,25874,N,10,441,201906
20190510,20190510,73,164060073,092952614,25877,N,10,442,201906
20190510,20190510,73,164060073,093038484,25918,N,1,443,201906
20190510,20190510,73,164060073,093043606,25950,N,10,444,201906
20190510,20190510,73,164060073,093044380,25940,N,10,445,201906
20190510,20190510,73,164060073,093048614,25919,N,10,446,201906
20190510,20190510,73,164060073,093056833,25918,N,10,447,201906
20190510,20190510,73,164060073,093100308,25922,N,10,448,201906
20190510,20190510,73,164060073,093214294,25904,N,10,449,201906
20190510,20190510,73,164060073,093214727,25900,N,1,450,201906
20190510,20190510,73,164060073,093221469,25904,N,10,451,201906
20190510,20190510,73,164060073,093221553,25905,N,10,452,201906
20190510,20190510,73,164060073,093302690,25908,N,10,453,201906
20190510,20190510,73,164060073,093337503,25904,N,10,454,201906
20190510,20190510,73,164060073,093337505,25903,N,10,455,201906
20190510,20190510,73,164060073,093417785,25858,N,10,456,201906
20190510,20190510,73,164060073,093421044,25858,N,10,457,201906
20190510,20190510,73,164060073,093423406,25866,N,10,458,201906
20190510,20190510,73,164060073,093425667,25869,N,10,459,201906
20190510,20190510,73,164060073,093502399,25870,N,8,460,201906
20190510,20190510,73,164060073,093703998,25898,N,1,461,201906
20190510,20190510,73,164060073,093903120,25881,N,10,462,201906
20190510,20190510,73,164060073,093903120,25880,N,10,463,201906
20190510,20190510,73,164060073,094123529,25888,N,3,464,201906
20190510,20190510,73,164060073,094202117,25890,N,10,465,201906
20190510,20190510,73,164060073,094202120,25888,N,10,466,201906
20190510,20190510,73,164060073,094312869,25884,N,3,467,201906
20190510,20190510,73,164060073,094332579,25887,N,1,468,201906
20190510,20190510,73,164060073,094547459,25875,N,1,469,201906
20190510,20190510,73,164060073,094601330,25857,N,1,470,201906
20190510,20190510,73,164060073,094918022,25859,N,7,471,201906
20190510,20190510,73,164060073,094918022,25859,N,10,472,201906
20190510,20190510,73,164060073,095412336,25859,N,4,473,201906
20190510,20190510,73,164060073,095515453,25877,N,1,474,201906
20190510,20190510,73,164060073,100119439,25893,N,10,475,201906
20190510,20190510,73,164060073,100246946,25884,N,10,476,201906
20190510,20190510,73,164060073,100248938,25879,N,10,477,201906
20190510,20190510,73,164060073,100647952,25852,N,10,478,201906
20190510,20190510,73,164060073,100648391,25848,N,1,479,201906
20190510,20190510,73,164060073,100707085,25857,N,10,480,201906
20190510,20190510,73,164060073,100800166,25871,N,10,481,201906
20190510,20190510,73,164060073,101735215,25875,N,2,482,201906
20190510,20190510,73,164060073,101922825,25851,N,2,483,201906
20190510,20190510,73,164060073,102108187,25855,N,1,484,201906
20190510,20190510,73,164060073,103152434,25855,N,2,485,201906
20190510,20190510,73,164060073,104432545,25904,N,1,486,201906
20190510,20190510,73,164060073,104433018,25896,N,10,487,201906
20190510,20190510,73,164060073,104435372,25892,N,1,488,201906
20190510,20190510,73,164060073,104437088,25895,N,1,489,201906
20190510,20190510,73,164060073,104550208,25889,N,1,490,201906
20190510,20190510,73,164060073,104721471,25901,N,10,491,201906
20190510,20190510,73,164060073,104814730,25905,N,10,492,201906
20190510,20190510,73,164060073,104814735,25906,N,10,493,201906
20190510,20190510,73,164060073,105105749,25918,N,2,494,201906
20190510,20190510,73,164060073,105158175,25913,N,3,495,201906
20190510,20190510,73,164060073,105225708,25909,N,20,496,201906
20190510,20190510,73,164060073,110414475,25890,N,1,497,201906
20190510,20190510,73,164060073,110735431,25901,N,5,498,201906
20190510,20190510,73,164060073,110901730,25896,N,10,499,201906
20190510,20190510,73,164060073,111147091,25897,N,10,500,201906
20190510,20190510,73,164060073,111147094,25896,N,10,501,201906
20190510,20190510,73,164060073,111551636,25877,N,2,502,201906
20190510,20190510,73,164060073,111925751,25881,N,1,503,201906
20190510,20190510,73,164060073,112501029,25890,N,1,504,201906
20190510,20190510,73,164060073,112902437,25880,N,1,505,201906
20190510,20190510,73,164060073,113822520,25867,N,4,506,201906
20190510,20190510,73,164060073,114550569,25855,N,5,507,201906
20190510,20190510,73,164060073,115401483,25851,N,1,508,201906
20190510,20190510,73,164060073,115646269,25803,N,1,509,201906
20190510,20190510,73,164060073,115739309,25815,N,10,510,201906
20190510,20190510,73,164060073,115741037,25817,N,1,511,201906
20190510,20190510,73,164060073,115741328,25817,N,9,512,201906
20190510,20190510,73,164060073,115946603,25777,N,10,513,201906
20190510,20190510,73,164060073,115946604,25776,N,10,514,201906
20190510,20190510,73,164060073,120045605,25777,N,10,515,201906
20190510,20190510,73,164060073,120238917,25769,N,10,516,201906
20190510,20190510,73,164060073,121626382,25764,N,1,517,201906
20190510,20190510,73,164060073,121642562,25736,N,1,518,201906
20190510,20190510,73,164060073,121642563,25729,N,10,519,201906
20190510,20190510,73,164060073,121659455,25709,N,1,520,201906
20190510,20190510,73,164060073,121714620,25721,N,1,521,201906
20190510,20190510,73,164060073,121757016,25725,N,1,522,201906
20190510,20190510,73,164060073,121803919,25732,N,10,523,201906
20190510,20190510,73,164060073,121817410,25727,N,1,524,201906
20190510,20190510,73,164060073,121938499,25740,N,1,525,201906
20190510,20190510,73,164060073,122000893,25750,N,1,526,201906
20190510,20190510,73,164060073,122022588,25750,N,1,527,201906
20190510,20190510,73,164060073,122030571,25739,N,10,528,201906
20190510,20190510,73,164060073,122146919,25747,N,5,529,201906
20190510,20190510,73,164060073,122158005,25755,N,2,530,201906
20190510,20190510,73,164060073,122356369,25751,N,10,531,201906
20190510,20190510,73,164060073,122525683,25745,N,4,532,201906
20190510,20190510,73,164060073,122740409,25778,N,1,533,201906
20190510,20190510,73,164060073,122754686,25800,N,1,534,201906
20190510,20190510,73,164060073,122801409,25825,N,10,535,201906
20190510,20190510,73,164060073,122802473,25824,N,10,536,201906
20190510,20190510,73,164060073,122803052,25829,N,5,537,201906
20190510,20190510,73,164060073,122813123,25844,N,10,538,201906
20190510,20190510,73,164060073,122840022,25833,N,5,539,201906
20190510,20190510,73,164060073,123018032,25813,N,10,540,201906
20190510,20190510,73,164060073,123050504,25847,N,5,541,201906
20190510,20190510,73,164060073,123051905,25841,N,10,542,201906
20190510,20190510,73,164060073,123127019,25818,N,5,543,201906
20190510,20190510,73,164060073,123424557,25791,N,4,544,201906
20190510,20190510,73,164060073,124136023,25790,N,2,545,201906
20190510,20190510,73,164060073,124146504,25788,N,10,546,201906
20190510,20190510,73,164060073,124441363,25804,N,20,547,201906
20190510,20190510,73,164060073,124629898,25812,N,10,548,201906
20190510,20190510,73,164060073,125034966,25750,N,10,549,201906
20190510,20190510,73,164060073,125040798,25746,N,5,550,201906
20190510,20190510,73,164060073,125040798,25746,N,5,551,201906
20190510,20190510,73,164060073,125111392,25763,N,10,552,201906
20190510,20190510,73,164060073,125112471,25760,N,1,553,201906
20190510,20190510,73,164060073,125207376,25772,N,2,554,201906
20190510,20190510,73,164060073,125245830,25756,N,10,555,201906
20190510,20190510,73,164060073,125411764,25730,N,1,556,201906
20190510,20190510,73,164060073,125433228,25751,N,1,557,201906
20190510,20190510,73,164060073,125706855,25713,N,1,558,201906
20190510,20190510,73,164060073,125727920,25715,N,4,559,201906
20190510,20190510,73,164060073,125815805,25724,N,1,560,201906
20190510,20190510,73,164060073,125839237,25708,N,2,561,201906
20190510,20190510,73,164060073,125909243,25715,N,11,562,201906
20190510,20190510,73,164060073,125913188,25715,N,6,563,201906
20190510,20190510,73,164060073,125914847,25715,N,3,564,201906
20190510,20190510,73,164060073,125934956,25705,N,20,565,201906
20190510,20190510,73,164060073,125936156,25702,N,1,566,201906
20190510,20190510,73,164060073,125937350,25700,N,1,567,201906
20190510,20190510,73,164060073,130053460,25730,N,2,568,201906
20190510,20190510,73,164060073,130105048,25708,N,1,569,201906
20190510,20190510,73,164060073,130109585,25706,N,10,570,201906
20190510,20190510,73,164060073,130154847,25709,N,1,571,201906
20190510,20190510,73,164060073,130209605,25750,N,2,572,201906
20190510,20190510,73,164060073,130235660,25741,N,1,573,201906
20190510,20190510,73,164060073,130322317,25762,N,20,574,201906
20190510,20190510,73,164060073,130322976,25764,N,1,575,201906
20190510,20190510,73,164060073,130353925,25696,N,10,576,201906
20190510,20190510,73,164060073,130408776,25697,N,1,577,201906
20190510,20190510,73,164060073,130500530,25722,N,10,578,201906
20190510,20190510,73,164060073,130551443,25736,N,1,579,201906
20190510,20190510,73,164060073,130838471,25724,N,1,580,201906
20190510,20190510,73,164060073,130842099,25723,N,6,581,201906
20190510,20190510,73,164060073,130923848,25740,N,10,582,201906
20190510,20190510,73,164060073,130946434,25739,N,10,583,201906
20190510,20190510,73,164060073,131013174,25719,N,1,584,201906
20190510,20190510,73,164060073,131103864,25732,N,1,585,201906
20190510,20190510,73,164060073,131131193,25726,N,2,586,201906
20190510,20190510,73,164060073,131137940,25724,N,2,587,201906
20190510,20190510,73,164060073,131201620,25715,N,2,588,201906
20190510,20190510,73,164060073,131225000,25713,N,2,589,201906
20190510,20190510,73,164060073,131256570,25718,N,1,590,201906
20190510,20190510,73,164060073,131257337,25711,N,10,591,201906
20190510,20190510,73,164060073,131700259,25724,N,2,592,201906
20190510,20190510,73,164060073,132507557,25700,N,1,593,201906
20190510,20190510,73,164060073,132519931,25700,N,4,594,201906
20190510,20190510,73,164060073,132737322,25689,N,1,595,201906
20190510,20190510,73,164060073,132900493,25693,N,1,596,201906
20190510,20190510,73,164060073,132908200,25693,N,11,597,201906
20190510,20190510,73,164060073,132913474,25693,N,8,598,201906
20190510,20190510,73,164060073,133229327,25687,N,1,599,201906
20190510,20190510,73,164060073,133401846,25665,N,10,600,201906
20190510,20190510,73,164060073,133409415,25662,N,1,601,201906
20190510,20190510,73,164060073,133621049,25676,N,10,602,201906
20190510,20190510,73,164060073,133734331,25676,N,2,603,201906
20190510,20190510,73,164060073,133950701,25675,N,1,604,201906
20190510,20190510,73,164060073,134017418,25675,N,2,605,201906
20190510,20190510,73,164060073,134636276,25706,N,10,606,201906
20190510,20190510,73,164060073,134636276,25707,N,20,607,201906
20190510,20190510,73,164060073,135926645,25700,N,10,608,201906
20190510,20190510,73,164060073,140341362,25650,N,1,609,201906
20190510,20190510,73,164060073,140341431,25620,N,1,610,201906
20190510,20190510,73,164060073,140426755,25656,N,2,611,201906
20190510,20190510,73,164060073,140430422,25646,N,1,612,201906
20190510,20190510,73,164060073,140440538,25654,N,2,613,201906
20190510,20190510,73,164060073,140626898,25675,N,10,614,201906
20190510,20190510,73,164060073,141104558,25695,N,2,615,201906
20190510,20190510,73,164060073,141512704,25700,N,1,616,201906
20190510,20190510,73,164060073,142014655,25704,N,2,617,201906
20190510,20190510,73,164060073,142033747,25717,N,2,618,201906
20190510,20190510,73,164060073,143937475,25726,N,10,619,201906
20190510,20190510,73,164060073,144049574,25753,N,10,620,201906
20190510,20190510,73,164060073,144101080,25747,N,1,621,201906
20190510,20190510,73,164060073,144452409,25757,N,1,622,201906
20190510,20190510,73,164060073,144505459,25764,N,1,623,201906
20190510,20190510,73,164060073,144527871,25763,N,1,624,201906
20190510,20190510,73,164060073,144531021,25761,N,1,625,201906
20190510,20190510,73,164060073,144537283,25764,N,2,626,201906
20190510,20190510,73,164060073,144633203,25747,N,2,627,201906
20190510,20190510,73,164060073,145112050,25746,N,1,628,201906
20190510,20190510,73,164060073,145233825,25753,N,1,629,201906
20190510,20190510,73,164060073,145549966,25761,N,33,630,201906
20190510,20190510,73,164060073,145601053,25764,N,6,631,201906
20190510,20190510,73,164060073,145601053,25764,N,4,632,201906
20190510,20190510,73,164060073,145601053,25765,N,11,633,201906
20190510,20190510,73,164060073,145749371,25777,N,1,634,201906
20190510,20190510,73,164060073,145931283,25771,N,1,635,201906
20190510,20190510,73,164060073,150416108,25763,N,1,636,201906
20190510,20190510,73,164060073,151501008,25784,E,8,637,201906
20190510,20190510,73,164090073,115528881,25800,O,1,638,201909
20190510,20190510,73,164090073,121703824,25736,E,1,639,201909
20190513,20190510,73,164060073,163001046,25793,O,6,1,201906
20190513,20190510,73,164060073,163641727,25784,N,10,2,201906
20190513,20190510,73,164060073,163643606,25793,N,10,3,201906
20190513,20190510,73,164060073,163648206,25792,N,20,4,201906
20190513,20190510,73,164060073,163705507,25777,N,10,5,201906
20190513,20190510,73,164060073,164101167,25784,N,1,6,201906
20190513,20190510,73,164060073,171542097,25740,N,5,7,201906
20190513,20190510,73,164060073,171545393,25735,N,5,8,201906
20190513,20190510,73,164060073,173731432,25783,N,10,9,201906
20190513,20190510,73,164060073,174739706,25759,N,4,10,201906
20190513,20190510,73,164060073,175253876,25750,N,1,11,201906
20190513,20190510,73,164060073,183544069,25787,N,1,12,201906
20190513,20190510,73,164060073,184433934,25800,N,2,13,201906
