Trade_Date,Make_Date,Index_Type,Security_Code,Time,Trade_Price,Price_Type,Trade_Volume,No,Contract_Month
20190701,20190628,73,164090073,164124989,26599,O,1,1,201909
20190701,20190628,73,164090073,164159686,26590,N,10,2,201909
20190701,20190628,73,164090073,164201416,26590,N,11,3,201909
20190701,20190628,73,164090073,164212205,26590,N,9,4,201909
20190701,20190628,73,164090073,164238867,26588,N,10,5,201909
20190701,20190628,73,164090073,165240686,26596,N,1,6,201909
20190701,20190628,73,164090073,170059650,26595,N,1,7,201909
20190701,20190628,73,164090073,170117647,26585,N,10,8,201909
20190701,20190628,73,164090073,171652139,26610,N,1,9,201909
20190701,20190628,73,164090073,172443352,26605,N,2,10,201909
20190701,20190628,73,164090073,173039245,26608,N,2,11,201909
20190701,20190628,73,164090073,173251577,26617,N,1,12,201909
20190701,20190628,73,164090073,173622182,26610,N,2,13,201909
20190701,20190628,73,164090073,173946700,26615,N,1,14,201909
20190701,20190628,73,164090073,175130074,26610,N,1,15,201909
20190701,20190628,73,164090073,175826555,26600,N,1,16,201909
20190701,20190628,73,164090073,175834377,26602,N,1,17,201909
20190701,20190628,73,164090073,175936553,26605,N,1,18,201909
20190701,20190628,73,164090073,180544459,26606,N,2,19,201909
20190701,20190628,73,164090073,180549413,26600,N,1,20,201909
20190701,20190628,73,164090073,181750290,26609,N,1,21,201909
20190701,20190628,73,164090073,182239393,26605,N,1,22,201909
20190701,20190628,73,164090073,195338120,26599,N,1,23,201909
20190701,20190628,73,164090073,195505702,26590,N,1,24,201909
20190701,20190628,73,164090073,200929406,26586,N,10,25,201909
20190701,20190628,73,164090073,201155579,26585,N,2,26,201909
20190701,20190628,73,164090073,205211418,26593,N,1,27,201909
20190701,20190628,73,164090073,210837436,26593,N,1,28,201909
20190701,20190628,73,164090073,211630806,26600,N,1,29,201909
20190701,20190628,73,164090073,211637360,26599,N,1,30,201909
20190701,20190628,73,164090073,214719314,26603,N,1,31,201909
20190701,20190628,73,164090073,215912381,26616,N,4,32,201909
20190701,20190628,73,164090073,223428228,26566,N,1,33,201909
20190701,20190628,73,164090073,224608689,26555,N,1,34,201909
20190701,20190628,73,164090073,224644513,26550,N,1,35,201909
20190701,20190628,73,164090073,224814500,26545,N,1,36,201909
20190701,20190628,73,164090073,224838037,26538,N,1,37,201909
20190701,20190628,73,164090073,225016156,26536,N,1,38,201909
20190701,20190628,73,164090073,225042799,26503,N,5,39,201909
20190701,20190628,73,164090073,225145751,26503,N,1,40,201909
20190701,20190628,73,164090073,225828206,26522,N,10,41,201909
20190701,20190628,73,164090073,225828206,26524,N,11,42,201909
20190701,20190628,73,164090073,225828206,26526,N,1,43,201909
20190701,20190628,73,164090073,225828289,26528,N,3,44,201909
20190701,20190628,73,164090073,230046266,26535,N,25,45,201909
20190701,20190628,73,164090073,230515778,26535,N,1,46,201909
20190701,20190628,73,164090073,234408283,26549,N,5,47,201909
20190701,20190628,73,164090073,002409150,26549,N,1,48,201909
20190701,20190628,73,164090073,002745237,26570,N,10,49,201909
20190701,20190628,73,164090073,002817483,26574,N,10,50,201909
20190701,20190628,73,164090073,003349558,26576,N,2,51,201909
20190701,20190628,73,164090073,011344198,26577,N,10,52,201909
20190701,20190628,73,164090073,011406754,26585,N,1,53,201909
20190701,20190628,73,164090073,011940177,26577,N,15,54,201909
20190701,20190628,73,164090073,012041699,26586,N,10,55,201909
20190701,20190628,73,164090073,012108568,26600,N,3,56,201909
20190701,20190628,73,164090073,012331721,26610,N,1,57,201909
20190701,20190628,73,164090073,012440402,26616,N,1,58,201909
20190701,20190628,73,164090073,012614244,26620,N,10,59,201909
20190701,20190628,73,164090073,012614244,26622,N,10,60,201909
20190701,20190628,73,164090073,013328042,26611,N,1,61,201909
20190701,20190628,73,164090073,013536276,26609,N,1,62,201909
20190701,20190628,73,164090073,014222045,26609,N,1,63,201909
20190701,20190628,73,164090073,014618581,26614,N,11,64,201909
20190701,20190628,73,164090073,015624282,26600,N,10,65,201909
20190701,20190628,73,164090073,021926315,26575,N,1,66,201909
20190701,20190628,73,164090073,022327591,26574,N,1,67,201909
20190701,20190628,73,164090073,022545881,26573,N,2,68,201909
20190701,20190628,73,164090073,022949678,26575,N,1,69,201909
20190701,20190628,73,164090073,023924185,26580,N,1,70,201909
20190701,20190628,73,164090073,025520221,26550,N,4,71,201909
20190701,20190628,73,164090073,030527285,26560,N,2,72,201909
20190701,20190628,73,164090073,034842310,26551,N,1,73,201909
20190701,20190628,73,164090073,043125363,26511,N,1,74,201909
20190701,20190628,73,164090073,044256838,26541,N,1,75,201909
20190701,20190628,73,164090073,045456723,26558,N,11,76,201909
20190701,20190628,73,164090073,045805086,26606,N,1,77,201909
20190701,20190628,73,164090073,045818956,26610,E,10,78,201909
20190701,20190701,73,164090073,084501050,26843,O,53,79,201909
20190701,20190701,73,164090073,084501092,26845,N,1,80,201909
20190701,20190701,73,164090073,084501092,26845,N,1,81,201909
20190701,20190701,73,164090073,084501092,26845,N,1,82,201909
20190701,20190701,73,164090073,084501093,26845,N,2,83,201909
20190701,20190701,73,164090073,084501093,26845,N,1,84,201909
20190701,20190701,73,164090073,084501262,26843,N,5,85,201909
20190701,20190701,73,164090073,084501397,26843,N,14,86,201909
20190701,20190701,73,164090073,084503939,26844,N,1,87,201909
20190701,20190701,73,164090073,084533215,26830,N,1,88,201909
20190701,20190701,73,164090073,084622696,26780,N,5,89,201909
20190701,20190701,73,164090073,084746190,26805,N,5,90,201909
20190701,20190701,73,164090073,084820837,26805,N,10,91,201909
20190701,20190701,73,164090073,084820961,26805,N,10,92,201909
20190701,20190701,73,164090073,085032602,26789,N,10,93,201909
20190701,20190701,73,164090073,085032868,26789,N,10,94,201909
20190701,20190701,73,164090073,085056634,26790,N,1,95,201909
20190701,20190701,73,164090073,085133975,26789,N,1,96,201909
20190701,20190701,73,164090073,085135665,26789,N,1,97,201909
20190701,20190701,73,164090073,085144576,26789,N,1,98,201909
20190701,20190701,73,164090073,085153607,26789,N,1,99,201909
20190701,20190701,73,164090073,085207762,26789,N,2,100,201909
20190701,20190701,73,164090073,085217627,26789,N,10,101,201909
20190701,20190701,73,164090073,085232791,26789,N,1,102,201909
20190701,20190701,73,164090073,085243019,26789,N,1,103,201909
20190701,20190701,73,164090073,085249235,26789,N,2,104,201909
20190701,20190701,73,164090073,085313658,26789,N,10,105,201909
20190701,20190701,73,164090073,085320107,26789,N,1,106,201909
20190701,20190701,73,164090073,085325685,26789,N,9,107,201909
20190701,20190701,73,164090073,085418221,26790,N,2,108,201909
20190701,20190701,73,164090073,085719322,26792,N,1,109,201909
20190701,20190701,73,164090073,085734205,26795,N,1,110,201909
20190701,20190701,73,164090073,085927853,26797,N,1,111,201909
20190701,20190701,73,164090073,090123271,26792,N,1,112,201909
20190701,20190701,73,164090073,090128966,26792,N,1,113,201909
20190701,20190701,73,164090073,090151832,26790,N,10,114,201909
20190701,20190701,73,164090073,090152042,26790,N,6,115,201909
20190701,20190701,73,164090073,090155991,26789,N,5,116,201909
20190701,20190701,73,164090073,090317949,26788,N,21,117,201909
20190701,20190701,73,164090073,090317949,26789,N,10,118,201909
20190701,20190701,73,164090073,090317949,26790,N,10,119,201909
20190701,20190701,73,164090073,090317949,26791,N,9,120,201909
20190701,20190701,73,164090073,090348506,26791,N,11,121,201909
20190701,20190701,73,164090073,090348506,26792,N,10,122,201909
20190701,20190701,73,164090073,090349687,26792,N,5,123,201909
20190701,20190701,73,164090073,090349812,26792,N,5,124,201909
20190701,20190701,73,164090073,090358427,26792,N,11,125,201909
20190701,20190701,73,164090073,090402151,26792,N,8,126,201909
20190701,20190701,73,164090073,090432169,26792,N,11,127,201909
20190701,20190701,73,164090073,090432293,26792,N,11,128,201909
20190701,20190701,73,164090073,090432417,26792,N,11,129,201909
20190701,20190701,73,164090073,090435381,26792,N,11,130,201909
20190701,20190701,73,164090073,090435385,26792,N,5,131,201909
20190701,20190701,73,164090073,090435501,26792,N,1,132,201909
20190701,20190701,73,164090073,090442164,26792,N,11,133,201909
20190701,20190701,73,164090073,090442288,26792,N,16,134,201909
20190701,20190701,73,164090073,090442412,26792,N,6,135,201909
20190701,20190701,73,164090073,090515360,26792,N,17,136,201909
20190701,20190701,73,164090073,090519588,26792,N,11,137,201909
20190701,20190701,73,164090073,090519712,26792,N,40,138,201909
20190701,20190701,73,164090073,090530404,26792,N,1,139,201909
20190701,20190701,73,164090073,090530404,26793,N,1,140,201909
20190701,20190701,73,164090073,090540623,26792,N,5,141,201909
20190701,20190701,73,164090073,090542004,26792,N,5,142,201909
20190701,20190701,73,164090073,090542129,26792,N,5,143,201909
20190701,20190701,73,164090073,090543131,26792,N,5,144,201909
20190701,20190701,73,164090073,090543987,26794,N,11,145,201909
20190701,20190701,73,164090073,090622284,26792,N,5,146,201909
20190701,20190701,73,164090073,090622463,26792,N,5,147,201909
20190701,20190701,73,164090073,090622588,26792,N,5,148,201909
20190701,20190701,73,164090073,090623117,26792,N,14,149,201909
20190701,20190701,73,164090073,090712123,26794,N,1,150,201909
20190701,20190701,73,164090073,090712637,26792,N,1,151,201909
20190701,20190701,73,164090073,090720548,26794,N,2,152,201909
20190701,20190701,73,164090073,090729872,26792,N,14,153,201909
20190701,20190701,73,164090073,090729996,26792,N,37,154,201909
20190701,20190701,73,164090073,091156804,26793,N,2,155,201909
20190701,20190701,73,164090073,091911802,26790,N,1,156,201909
20190701,20190701,73,164090073,091911926,26790,N,4,157,201909
20190701,20190701,73,164090073,091939904,26789,N,1,158,201909
20190701,20190701,73,164090073,091939904,26790,N,4,159,201909
20190701,20190701,73,164090073,092112625,26780,N,1,160,201909
20190701,20190701,73,164090073,092635248,26786,N,1,161,201909
20190701,20190701,73,164090073,092723274,26780,N,5,162,201909
20190701,20190701,73,164090073,092723398,26780,N,4,163,201909
20190701,20190701,73,164090073,092916957,26774,N,1,164,201909
20190701,20190701,73,164090073,092916957,26773,N,1,165,201909
20190701,20190701,73,164090073,093100584,26774,N,1,166,201909
20190701,20190701,73,164090073,093154981,26779,N,1,167,201909
20190701,20190701,73,164090073,093154981,26780,N,10,168,201909
20190701,20190701,73,164090073,093155105,26780,N,11,169,201909
20190701,20190701,73,164090073,093155230,26780,N,5,170,201909
20190701,20190701,73,164090073,093155354,26780,N,23,171,201909
20190701,20190701,73,164090073,093155354,26778,N,10,172,201909
20190701,20190701,73,164090073,093206661,26780,N,1,173,201909
20190701,20190701,73,164090073,093206784,26780,N,36,174,201909
20190701,20190701,73,164090073,093218796,26780,N,13,175,201909
20190701,20190701,73,164090073,093221379,26774,N,1,176,201909
20190701,20190701,73,164090073,093222541,26777,N,1,177,201909
20190701,20190701,73,164090073,093222541,26778,N,10,178,201909
20190701,20190701,73,164090073,093222541,26779,N,11,179,201909
20190701,20190701,73,164090073,093222665,26779,N,28,180,201909
20190701,20190701,73,164090073,093230257,26778,N,21,181,201909
20190701,20190701,73,164090073,093230380,26779,N,5,182,201909
20190701,20190701,73,164090073,093230505,26779,N,11,183,201909
20190701,20190701,73,164090073,093230629,26779,N,13,184,201909
20190701,20190701,73,164090073,093236557,26778,N,11,185,201909
20190701,20190701,73,164090073,093236681,26778,N,39,186,201909
20190701,20190701,73,164090073,093241384,26773,N,1,187,201909
20190701,20190701,73,164090073,093246901,26772,N,1,188,201909
20190701,20190701,73,164090073,093321354,26776,N,1,189,201909
20190701,20190701,73,164090073,093321354,26777,N,11,190,201909
20190701,20190701,73,164090073,093321478,26777,N,1,191,201909
20190701,20190701,73,164090073,093324810,26777,N,1,192,201909
20190701,20190701,73,164090073,093333751,26777,N,59,193,201909
20190701,20190701,73,164090073,093333876,26777,N,27,194,201909
20190701,20190701,73,164090073,093333999,26772,N,1,195,201909
20190701,20190701,73,164090073,093404377,26775,N,11,196,201909
20190701,20190701,73,164090073,093423046,26774,N,38,197,201909
20190701,20190701,73,164090073,093423170,26774,N,38,198,201909
20190701,20190701,73,164090073,093423295,26774,N,13,199,201909
20190701,20190701,73,164090073,093433529,26775,N,22,200,201909
20190701,20190701,73,164090073,093433654,26775,N,5,201,201909
20190701,20190701,73,164090073,093433778,26775,N,16,202,201909
20190701,20190701,73,164090073,093433902,26775,N,22,203,201909
20190701,20190701,73,164090073,093434026,26775,N,22,204,201909
20190701,20190701,73,164090073,093434151,26775,N,13,205,201909
20190701,20190701,73,164090073,093436673,26774,N,11,206,201909
20190701,20190701,73,164090073,093436673,26772,N,10,207,201909
20190701,20190701,73,164090073,093524220,26768,N,48,208,201909
20190701,20190701,73,164090073,093524345,26768,N,31,209,201909
20190701,20190701,73,164090073,093531335,26768,N,21,210,201909
20190701,20190701,73,164090073,093550782,26765,N,5,211,201909
20190701,20190701,73,164090073,093550907,26765,N,16,212,201909
20190701,20190701,73,164090073,093551031,26765,N,11,213,201909
20190701,20190701,73,164090073,093551533,26765,N,5,214,201909
20190701,20190701,73,164090073,093551658,26765,N,5,215,201909
20190701,20190701,73,164090073,093552611,26765,N,5,216,201909
20190701,20190701,73,164090073,093552736,26765,N,32,217,201909
20190701,20190701,73,164090073,093626498,26765,N,5,218,201909
20190701,20190701,73,164090073,093628237,26765,N,5,219,201909
20190701,20190701,73,164090073,093628362,26765,N,5,220,201909
20190701,20190701,73,164090073,093630655,26765,N,5,221,201909
20190701,20190701,73,164090073,093630780,26765,N,5,222,201909
20190701,20190701,73,164090073,093631375,26765,N,11,223,201909
20190701,20190701,73,164090073,093631500,26765,N,16,224,201909
20190701,20190701,73,164090073,093631624,26765,N,48,225,201909
20190701,20190701,73,164090073,093639368,26765,N,5,226,201909
20190701,20190701,73,164090073,093639493,26765,N,5,227,201909
20190701,20190701,73,164090073,093640112,26765,N,5,228,201909
20190701,20190701,73,164090073,093640237,26765,N,5,229,201909
20190701,20190701,73,164090073,093701287,26765,N,5,230,201909
20190701,20190701,73,164090073,093701411,26765,N,32,231,201909
20190701,20190701,73,164090073,093701536,26765,N,38,232,201909
20190701,20190701,73,164090073,093704557,26765,N,5,233,201909
20190701,20190701,73,164090073,093706020,26765,N,21,234,201909
20190701,20190701,73,164090073,093708618,26768,N,1,235,201909
20190701,20190701,73,164090073,093720340,26764,N,1,236,201909
20190701,20190701,73,164090073,093720583,26764,N,11,237,201909
20190701,20190701,73,164090073,093724919,26764,N,11,238,201909
20190701,20190701,73,164090073,093734551,26764,N,2,239,201909
20190701,20190701,73,164090073,093800711,26764,N,27,240,201909
20190701,20190701,73,164090073,093800836,26764,N,27,241,201909
20190701,20190701,73,164090073,093817748,26764,N,11,242,201909
20190701,20190701,73,164090073,093817873,26764,N,16,243,201909
20190701,20190701,73,164090073,093824777,26764,N,5,244,201909
20190701,20190701,73,164090073,093824901,26764,N,12,245,201909
20190701,20190701,73,164090073,093849349,26761,N,5,246,201909
20190701,20190701,73,164090073,093849474,26761,N,16,247,201909
20190701,20190701,73,164090073,093856232,26761,N,11,248,201909
20190701,20190701,73,164090073,093856356,26761,N,11,249,201909
20190701,20190701,73,164090073,094018385,26761,N,16,250,201909
20190701,20190701,73,164090073,094018509,26761,N,32,251,201909
20190701,20190701,73,164090073,094018634,26761,N,9,252,201909
20190701,20190701,73,164090073,094114740,26760,N,5,253,201909
20190701,20190701,73,164090073,094114865,26760,N,5,254,201909
20190701,20190701,73,164090073,094114990,26760,N,43,255,201909
20190701,20190701,73,164090073,094115114,26760,N,27,256,201909
20190701,20190701,73,164090073,094115292,26760,N,5,257,201909
20190701,20190701,73,164090073,094115417,26760,N,15,258,201909
20190701,20190701,73,164090073,094138104,26760,N,5,259,201909
20190701,20190701,73,164090073,094138229,26760,N,5,260,201909
20190701,20190701,73,164090073,094138354,26760,N,22,261,201909
20190701,20190701,73,164090073,094207227,26760,N,11,262,201909
20190701,20190701,73,164090073,094207351,26760,N,11,263,201909
20190701,20190701,73,164090073,094208462,26760,N,5,264,201909
20190701,20190701,73,164090073,094241182,26760,N,8,265,201909
20190701,20190701,73,164090073,094258449,26760,N,33,266,201909
20190701,20190701,73,164090073,094318689,26758,N,1,267,201909
20190701,20190701,73,164090073,095153291,26756,N,11,268,201909
20190701,20190701,73,164090073,095153291,26755,N,9,269,201909
20190701,20190701,73,164090073,095534833,26750,N,5,270,201909
20190701,20190701,73,164090073,100829022,26775,N,1,271,201909
20190701,20190701,73,164090073,101001644,26779,N,1,272,201909
20190701,20190701,73,164090073,101118890,26777,N,2,273,201909
20190701,20190701,73,164090073,101808817,26776,N,2,274,201909
20190701,20190701,73,164090073,102109910,26773,N,1,275,201909
20190701,20190701,73,164090073,102705892,26770,N,1,276,201909
20190701,20190701,73,164090073,103130479,26773,N,1,277,201909
20190701,20190701,73,164090073,103730134,26768,N,1,278,201909
20190701,20190701,73,164090073,103816059,26764,N,1,279,201909
20190701,20190701,73,164090073,103825929,26765,N,3,280,201909
20190701,20190701,73,164090073,104855243,26775,N,3,281,201909
20190701,20190701,73,164090073,105254233,26775,N,1,282,201909
20190701,20190701,73,164090073,105826012,26784,N,1,283,201909
20190701,20190701,73,164090073,110002688,26787,N,1,284,201909
20190701,20190701,73,164090073,110713693,26790,N,3,285,201909
20190701,20190701,73,164090073,111159676,26790,N,1,286,201909
20190701,20190701,73,164090073,111401559,26799,N,1,287,201909
20190701,20190701,73,164090073,111403295,26800,N,1,288,201909
20190701,20190701,73,164090073,111403296,26801,N,1,289,201909
20190701,20190701,73,164090073,111600908,26800,N,1,290,201909
20190701,20190701,73,164090073,114801579,26788,N,1,291,201909
20190701,20190701,73,164090073,115955546,26793,N,1,292,201909
20190701,20190701,73,164090073,120211285,26793,N,1,293,201909
20190701,20190701,73,164090073,121325611,26795,N,10,294,201909
20190701,20190701,73,164090073,121412131,26796,N,2,295,201909
20190701,20190701,73,164090073,121858656,26796,N,1,296,201909
20190701,20190701,73,164090073,122809947,26790,N,1,297,201909
20190701,20190701,73,164090073,124405290,26798,N,1,298,201909
20190701,20190701,73,164090073,124451469,26799,N,1,299,201909
20190701,20190701,73,164090073,124733902,26800,N,1,300,201909
20190701,20190701,73,164090073,130030793,26805,N,1,301,201909
20190701,20190701,73,164090073,131819281,26803,N,1,302,201909
20190701,20190701,73,164090073,131834770,26804,N,3,303,201909
20190701,20190701,73,164090073,131951803,26802,N,8,304,201909
20190701,20190701,73,164090073,132221077,26803,N,11,305,201909
20190701,20190701,73,164090073,132221196,26803,N,9,306,201909
20190701,20190701,73,164090073,132420910,26807,N,1,307,201909
20190701,20190701,73,164090073,133437134,26808,N,1,308,201909
20190701,20190701,73,164090073,133946260,26811,N,1,309,201909
20190701,20190701,73,164090073,134015902,26811,N,1,310,201909
20190701,20190701,73,164090073,134032763,26810,N,3,311,201909
20190701,20190701,73,164090073,134439596,26812,N,6,312,201909
20190701,20190701,73,164090073,134642236,26814,N,1,313,201909
20190701,20190701,73,164090073,134911118,26818,N,1,314,201909
20190701,20190701,73,164090073,135500763,26815,N,1,315,201909
20190701,20190701,73,164090073,140451168,26818,N,5,316,201909
20190701,20190701,73,164090073,140508901,26818,N,10,317,201909
20190701,20190701,73,164090073,140512247,26820,N,1,318,201909
20190701,20190701,73,164090073,140852314,26825,N,3,319,201909
20190701,20190701,73,164090073,140942510,26816,N,1,320,201909
20190701,20190701,73,164090073,141109674,26825,N,2,321,201909
20190701,20190701,73,164090073,141124956,26830,N,3,322,201909
20190701,20190701,73,164090073,141743366,26833,N,1,323,201909
20190701,20190701,73,164090073,141743366,26836,N,4,324,201909
20190701,20190701,73,164090073,142050522,26838,N,2,325,201909
20190701,20190701,73,164090073,142217958,26830,N,1,326,201909
20190701,20190701,73,164090073,142229445,26830,N,1,327,201909
20190701,20190701,73,164090073,142255935,26839,N,1,328,201909
20190701,20190701,73,164090073,142333675,26830,N,1,329,201909
20190701,20190701,73,164090073,142418044,26837,N,10,330,201909
20190701,20190701,73,164090073,142837337,26842,N,1,331,201909
20190701,20190701,73,164090073,142837337,26843,N,10,332,201909
20190701,20190701,73,164090073,144119181,26840,N,1,333,201909
20190701,20190701,73,164090073,144120506,26838,N,1,334,201909
20190701,20190701,73,164090073,144346647,26843,N,1,335,201909
20190701,20190701,73,164090073,144346647,26842,N,5,336,201909
20190701,20190701,73,164090073,145200283,26850,N,1,337,201909
20190701,20190701,73,164090073,145209409,26850,N,1,338,201909
20190701,20190701,73,164090073,145521008,26856,N,1,339,201909
20190701,20190701,73,164090073,145645456,26860,N,1,340,201909
20190701,20190701,73,164090073,145906805,26859,N,1,341,201909
20190701,20190701,73,164090073,145916011,26860,N,1,342,201909
20190701,20190701,73,164090073,150034202,26855,N,1,343,201909
20190701,20190701,73,164090073,150139024,26851,N,1,344,201909
20190701,20190701,73,164090073,150224405,26846,N,5,345,201909
20190701,20190701,73,164090073,150341996,26852,N,6,346,201909
20190701,20190701,73,164090073,150343933,26847,N,1,347,201909
20190701,20190701,73,164090073,150532878,26854,N,5,348,201909
20190701,20190701,73,164090073,150621270,26847,N,10,349,201909
20190701,20190701,73,164090073,150739620,26857,N,1,350,201909
20190701,20190701,73,164090073,150951574,26862,N,1,351,201909
20190701,20190701,73,164090073,151501008,26874,E,8,352,201909
20190701,20190701,73,164120073,084513824,26620,O,1,353,201912
20190701,20190701,73,164120073,084519996,26700,N,2,354,201912
20190701,20190701,73,164120073,151501008,26829,E,2,355,201912
20190701,20190701,73,165030073,084501050,26500,O,5,356,202003
20190701,20190701,73,165060073,084501050,26450,O,5,357,202006
20190702,20190701,73,164090073,163001045,26890,O,4,1,201909
20190702,20190701,73,164090073,163010605,26890,N,1,2,201909
20190702,20190701,73,164090073,163045706,26880,N,1,3,201909
20190702,20190701,73,164090073,163100024,26890,N,1,4,201909
20190702,20190701,73,164090073,163321322,26880,N,2,5,201909
20190702,20190701,73,164090073,163718996,26880,N,1,6,201909
20190702,20190701,73,164090073,165338864,26880,N,1,7,201909
20190702,20190701,73,164090073,165338864,26863,N,1,8,201909
20190702,20190701,73,164090073,170939837,26863,N,2,9,201909
20190702,20190701,73,164090073,171254845,26855,N,6,10,201909
20190702,20190701,73,164090073,171524649,26850,N,1,11,201909
20190702,20190701,73,164090073,171956157,26855,N,1,12,201909
20190702,20190701,73,164090073,172204741,26864,N,15,13,201909
20190702,20190701,73,164090073,172328932,26866,N,2,14,201909
20190702,20190701,73,164090073,172426172,26858,N,2,15,201909
20190702,20190701,73,164090073,172520677,26856,N,1,16,201909
20190702,20190701,73,164090073,172803637,26850,N,2,17,201909
20190702,20190701,73,164090073,173543113,26854,N,1,18,201909
20190702,20190701,73,164090073,173617155,26855,N,1,19,201909
20190702,20190701,73,164090073,173635404,26853,N,1,20,201909
20190702,20190701,73,164090073,173801700,26861,N,2,21,201909
20190702,20190701,73,164090073,174813548,26861,N,1,22,201909
20190702,20190701,73,164090073,174813548,26859,N,1,23,201909
20190702,20190701,73,164090073,175035078,26860,N,1,24,201909
20190702,20190701,73,164090073,181548435,26848,N,5,25,201909
20190702,20190701,73,164090073,181620312,26842,N,1,26,201909
20190702,20190701,73,164090073,181939729,26837,N,1,27,201909
20190702,20190701,73,164090073,182900844,26849,N,1,28,201909
20190702,20190701,73,164090073,182906897,26851,N,3,29,201909
20190702,20190701,73,164090073,183758763,26866,N,1,30,201909
20190702,20190701,73,164090073,184102258,26860,N,3,31,201909
20190702,20190701,73,164090073,184131741,26857,N,1,32,201909
20190702,20190701,73,164090073,184838103,26872,N,1,33,201909
20190702,20190701,73,164090073,184954562,26869,N,1,34,201909
20190702,20190701,73,164090073,185709738,26858,N,1,35,201909
20190702,20190701,73,164090073,190226313,26859,N,2,36,201909
20190702,20190701,73,164090073,190242766,26862,N,1,37,201909
20190702,20190701,73,164090073,190407253,26860,N,1,38,201909
20190702,20190701,73,164090073,191939939,26881,N,10,39,201909
20190702,20190701,73,164090073,193518079,26877,N,1,40,201909
20190702,20190701,73,164090073,194504844,26870,N,1,41,201909
20190702,20190701,73,164090073,200826929,26841,N,1,42,201909
20190702,20190701,73,164090073,200829141,26836,N,2,43,201909
20190702,20190701,73,164090073,200831265,26815,N,2,44,201909
20190702,20190701,73,164090073,200831266,26815,N,5,45,201909
20190702,20190701,73,164090073,200959929,26837,N,6,46,201909
20190702,20190701,73,164090073,201228064,26850,N,9,47,201909
20190702,20190701,73,164090073,202501897,26843,N,1,48,201909
20190702,20190701,73,164090073,203110277,26846,N,1,49,201909
20190702,20190701,73,164090073,203629376,26848,N,1,50,201909
20190702,20190701,73,164090073,203902427,26843,N,1,51,201909
20190702,20190701,73,164090073,204128673,26844,N,3,52,201909
20190702,20190701,73,164090073,204612474,26851,N,10,53,201909
20190702,20190701,73,164090073,205532342,26854,N,10,54,201909
20190702,20190701,73,164090073,210306392,26861,N,2,55,201909
20190702,20190701,73,164090073,211359626,26857,N,1,56,201909
20190702,20190701,73,164090073,211441503,26857,N,1,57,201909
20190702,20190701,73,164090073,212606407,26856,N,1,58,201909
20190702,20190701,73,164090073,212647287,26860,N,10,59,201909
20190702,20190701,73,164090073,213434457,26868,N,1,60,201909
20190702,20190701,73,164090073,213455615,26866,N,1,61,201909
20190702,20190701,73,164090073,213524052,26866,N,1,62,201909
20190702,20190701,73,164090073,213541554,26862,N,1,63,201909
20190702,20190701,73,164090073,213615047,26864,N,1,64,201909
20190702,20190701,73,164090073,213650846,26867,N,1,65,201909
20190702,20190701,73,164090073,213954007,26866,N,1,66,201909
20190702,20190701,73,164090073,214052663,26864,N,1,67,201909
20190702,20190701,73,164090073,214109029,26863,N,1,68,201909
20190702,20190701,73,164090073,214120025,26863,N,1,69,201909
20190702,20190701,73,164090073,214225848,26863,N,1,70,201909
20190702,20190701,73,164090073,214727310,26857,N,1,71,201909
20190702,20190701,73,164090073,214905448,26852,N,1,72,201909
20190702,20190701,73,164090073,215201343,26857,N,1,73,201909
20190702,20190701,73,164090073,215252777,26850,N,1,74,201909
20190702,20190701,73,164090073,220915811,26857,N,20,75,201909
20190702,20190701,73,164090073,223223123,26847,N,1,76,201909
20190702,20190701,73,164090073,223412966,26855,N,1,77,201909
20190702,20190701,73,164090073,223538399,26852,N,1,78,201909
20190702,20190701,73,164090073,223633951,26867,N,1,79,201909
20190702,20190701,73,164090073,223740939,26868,N,10,80,201909
20190702,20190701,73,164090073,223825369,26862,N,1,81,201909
20190702,20190701,73,164090073,223907118,26880,N,2,82,201909
20190702,20190701,73,164090073,223932872,26886,N,1,83,201909
20190702,20190701,73,164090073,224044147,26873,N,2,84,201909
20190702,20190701,73,164090073,224124937,26886,N,1,85,201909
20190702,20190701,73,164090073,224137595,26882,N,10,86,201909
20190702,20190701,73,164090073,224528087,26850,N,4,87,201909
20190702,20190701,73,164090073,224549992,26839,N,1,88,201909
20190702,20190701,73,164090073,224610962,26827,N,1,89,201909
20190702,20190701,73,164090073,224621042,26820,N,1,90,201909
20190702,20190701,73,164090073,224622454,26816,N,1,91,201909
20190702,20190701,73,164090073,224943234,26816,N,3,92,201909
20190702,20190701,73,164090073,225004562,26815,N,1,93,201909
20190702,20190701,73,164090073,225053114,26814,N,1,94,201909
20190702,20190701,73,164090073,225109398,26813,N,6,95,201909
20190702,20190701,73,164090073,225118270,26812,N,2,96,201909
20190702,20190701,73,164090073,225228240,26824,N,1,97,201909
20190702,20190701,73,164090073,225248920,26825,N,10,98,201909
20190702,20190701,73,164090073,225248920,26826,N,10,99,201909
20190702,20190701,73,164090073,225457213,26826,N,1,100,201909
20190702,20190701,73,164090073,225722821,26813,N,1,101,201909
20190702,20190701,73,164090073,231220318,26840,N,10,102,201909
20190702,20190701,73,164090073,231349156,26849,N,3,103,201909
20190702,20190701,73,164090073,231349331,26813,N,1,104,201909
20190702,20190701,73,164090073,231349331,26810,N,1,105,201909
20190702,20190701,73,164090073,231349331,26806,N,1,106,201909
20190702,20190701,73,164090073,231349331,26801,N,10,107,201909
20190702,20190701,73,164090073,232220187,26801,N,1,108,201909
20190702,20190701,73,164090073,232346536,26800,N,6,109,201909
20190702,20190701,73,164090073,232455482,26800,N,1,110,201909
20190702,20190701,73,164090073,232553833,26800,N,3,111,201909
20190702,20190701,73,164090073,232618933,26807,N,1,112,201909
20190702,20190701,73,164090073,232714877,26780,N,1,113,201909
20190702,20190701,73,164090073,232803079,26775,N,2,114,201909
20190702,20190701,73,164090073,232804722,26770,N,1,115,201909
20190702,20190701,73,164090073,232804722,26762,N,1,116,201909
20190702,20190701,73,164090073,232833237,26816,N,2,117,201909
20190702,20190701,73,164090073,232839792,26806,N,2,118,201909
20190702,20190701,73,164090073,232843316,26758,N,2,119,201909
20190702,20190701,73,164090073,232851810,26813,N,1,120,201909
20190702,20190701,73,164090073,232854297,26758,N,2,121,201909
20190702,20190701,73,164090073,232926161,26758,N,10,122,201909
20190702,20190701,73,164090073,232927708,26758,N,10,123,201909
20190702,20190701,73,164090073,232942518,26757,N,1,124,201909
20190702,20190701,73,164090073,233058875,26757,N,1,125,201909
20190702,20190701,73,164090073,233058875,26755,N,9,126,201909
20190702,20190701,73,164090073,233113038,26747,N,10,127,201909
20190702,20190701,73,164090073,233114650,26761,N,10,128,201909
20190702,20190701,73,164090073,233116211,26769,N,10,129,201909
20190702,20190701,73,164090073,233118792,26747,N,10,130,201909
20190702,20190701,73,164090073,233121411,26747,N,10,131,201909
20190702,20190701,73,164090073,233122748,26747,N,10,132,201909
20190702,20190701,73,164090073,233139322,26746,N,1,133,201909
20190702,20190701,73,164090073,233229958,26742,N,1,134,201909
20190702,20190701,73,164090073,233229958,26739,N,9,135,201909
20190702,20190701,73,164090073,233231678,26724,N,10,136,201909
20190702,20190701,73,164090073,233234616,26725,N,10,137,201909
20190702,20190701,73,164090073,233236461,26725,N,10,138,201909
20190702,20190701,73,164090073,233239187,26726,N,10,139,201909
20190702,20190701,73,164090073,233240385,26726,N,10,140,201909
20190702,20190701,73,164090073,233241517,26727,N,10,141,201909
20190702,20190701,73,164090073,233242764,26724,N,10,142,201909
20190702,20190701,73,164090073,233244185,26725,N,10,143,201909
20190702,20190701,73,164090073,233245354,26726,N,10,144,201909
20190702,20190701,73,164090073,233246593,26726,N,10,145,201909
20190702,20190701,73,164090073,233247682,26725,N,10,146,201909
20190702,20190701,73,164090073,233249032,26725,N,10,147,201909
20190702,20190701,73,164090073,233250365,26725,N,10,148,201909
20190702,20190701,73,164090073,233251651,26725,N,10,149,201909
20190702,20190701,73,164090073,233252856,26726,N,10,150,201909
20190702,20190701,73,164090073,233425851,26731,N,1,151,201909
20190702,20190701,73,164090073,233500419,26725,N,1,152,201909
20190702,20190701,73,164090073,233500419,26713,N,8,153,201909
20190702,20190701,73,164090073,233617815,26723,N,1,154,201909
20190702,20190701,73,164090073,233756459,26735,N,1,155,201909
20190702,20190701,73,164090073,234217875,26760,N,1,156,201909
20190702,20190701,73,164090073,234232342,26763,N,1,157,201909
20190702,20190701,73,164090073,234651185,26751,N,1,158,201909
20190702,20190701,73,164090073,235013835,26750,N,1,159,201909
20190702,20190701,73,164090073,235437326,26750,N,1,160,201909
20190702,20190701,73,164090073,235854417,26777,N,1,161,201909
20190702,20190701,73,164090073,000723858,26750,N,10,162,201909
20190702,20190701,73,164090073,001116417,26727,N,1,163,201909
20190702,20190701,73,164090073,001532143,26727,N,1,164,201909
20190702,20190701,73,164090073,002252159,26730,N,1,165,201909
20190702,20190701,73,164090073,002315062,26724,N,1,166,201909
20190702,20190701,73,164090073,002456973,26724,N,2,167,201909
20190702,20190701,73,164090073,002854687,26724,N,1,168,201909
20190702,20190701,73,164090073,002859908,26724,N,1,169,201909
20190702,20190701,73,164090073,002909110,26714,N,1,170,201909
20190702,20190701,73,164090073,002909110,26713,N,2,171,201909
20190702,20190701,73,164090073,002935040,26700,N,1,172,201909
20190702,20190701,73,164090073,003007595,26700,N,2,173,201909
20190702,20190701,73,164090073,003033809,26690,N,2,174,201909
20190702,20190701,73,164090073,003056183,26689,N,2,175,201909
20190702,20190701,73,164090073,003319504,26736,N,1,176,201909
20190702,20190701,73,164090073,003618821,26750,N,4,177,201909
20190702,20190701,73,164090073,003726174,26716,N,1,178,201909
20190702,20190701,73,164090073,004340302,26720,N,2,179,201909
20190702,20190701,73,164090073,004340302,26710,N,1,180,201909
20190702,20190701,73,164090073,004503901,26700,N,5,181,201909
20190702,20190701,73,164090073,004504045,26700,N,10,182,201909
20190702,20190701,73,164090073,004620425,26689,N,3,183,201909
20190702,20190701,73,164090073,004620425,26687,N,1,184,201909
20190702,20190701,73,164090073,004658454,26729,N,1,185,201909
20190702,20190701,73,164090073,012137588,26665,N,1,186,201909
20190702,20190701,73,164090073,012409358,26690,N,5,187,201909
20190702,20190701,73,164090073,013718040,26660,N,1,188,201909
20190702,20190701,73,164090073,013718041,26660,N,1,189,201909
20190702,20190701,73,164090073,013937555,26660,N,1,190,201909
20190702,20190701,73,164090073,014306197,26678,N,1,191,201909
20190702,20190701,73,164090073,014419085,26687,N,1,192,201909
20190702,20190701,73,164090073,014506429,26687,N,2,193,201909
20190702,20190701,73,164090073,014933583,26696,N,1,194,201909
20190702,20190701,73,164090073,015115466,26688,N,2,195,201909
20190702,20190701,73,164090073,015517433,26657,N,1,196,201909
20190702,20190701,73,164090073,015704222,26651,N,1,197,201909
20190702,20190701,73,164090073,021250594,26653,N,1,198,201909
20190702,20190701,73,164090073,021256798,26650,N,2,199,201909
20190702,20190701,73,164090073,022040489,26606,N,1,200,201909
20190702,20190701,73,164090073,022050912,26601,N,1,201,201909
20190702,20190701,73,164090073,022403615,26642,N,1,202,201909
20190702,20190701,73,164090073,023540631,26618,N,1,203,201909
20190702,20190701,73,164090073,024301424,26638,N,1,204,201909
20190702,20190701,73,164090073,024430092,26651,N,2,205,201909
20190702,20190701,73,164090073,024436494,26651,N,2,206,201909
20190702,20190701,73,164090073,030410512,26620,N,2,207,201909
20190702,20190701,73,164090073,030721556,26619,N,2,208,201909
20190702,20190701,73,164090073,031337104,26602,N,10,209,201909
20190702,20190701,73,164090073,031439857,26602,N,2,210,201909
20190702,20190701,73,164090073,031513401,26633,N,2,211,201909
20190702,20190701,73,164090073,031759940,26600,N,1,212,201909
20190702,20190701,73,164090073,031759940,26595,N,1,213,201909
20190702,20190701,73,164090073,031759941,26595,N,1,214,201909
20190702,20190701,73,164090073,034429829,26630,N,1,215,201909
20190702,20190701,73,164090073,044131981,26699,N,4,216,201909
20190702,20190701,73,164090073,044133166,26699,N,2,217,201909
20190702,20190701,73,164090073,044133193,26699,N,3,218,201909
20190702,20190701,73,164090073,044434314,26684,N,2,219,201909
20190702,20190701,73,164090073,044513519,26681,N,1,220,201909
20190702,20190701,73,164090073,044527023,26670,N,1,221,201909
20190702,20190701,73,164090073,044646755,26670,N,1,222,201909
20190702,20190701,73,164090073,044925619,26678,N,4,223,201909
20190702,20190701,73,164090073,045103315,26678,N,10,224,201909
20190702,20190701,73,164090073,045131926,26678,N,5,225,201909
20190702,20190701,73,164090073,045134198,26678,N,5,226,201909
20190702,20190701,73,164090073,045136108,26678,N,5,227,201909
20190702,20190701,73,164090073,045136840,26678,N,5,228,201909
20190702,20190701,73,164090073,045138799,26678,N,5,229,201909
20190702,20190701,73,164090073,045138923,26678,N,11,230,201909
20190702,20190701,73,164090073,045139047,26678,N,32,231,201909
20190702,20190701,73,164090073,045139172,26678,N,22,232,201909
20190702,20190701,73,164090073,045433044,26680,N,5,233,201909
20190702,20190701,73,164090073,045433169,26680,N,11,234,201909
20190702,20190701,73,164090073,045433292,26680,N,16,235,201909
20190702,20190701,73,164090073,045433417,26680,N,22,236,201909
20190702,20190701,73,164090073,045433541,26680,N,16,237,201909
20190702,20190701,73,164090073,045433665,26680,N,11,238,201909
20190702,20190701,73,164090073,045433789,26680,N,19,239,201909
20190702,20190701,73,164090073,045513583,26681,N,10,240,201909
20190702,20190701,73,164090073,045536549,26681,N,5,241,201909
20190702,20190701,73,164090073,045703715,26678,N,5,242,201909
20190702,20190701,73,164090073,045703839,26678,N,27,243,201909
20190702,20190701,73,164090073,045703964,26678,N,32,244,201909
20190702,20190701,73,164090073,045704089,26678,N,11,245,201909
20190702,20190701,73,164090073,045704215,26678,N,5,246,201909
20190702,20190701,73,164090073,045954651,26678,N,16,247,201909
20190702,20190701,73,164090073,045954775,26678,N,4,248,201909
20190702,20190701,73,164090073,045959171,26680,N,7,249,201909
20190702,20190701,73,164090073,045959180,26681,N,5,250,201909
20190702,20190701,73,164090073,050320844,26680,N,5,251,201909
20190702,20190701,73,164090073,050432301,26675,N,4,252,201909
20190702,20190701,73,164090073,050455975,26680,N,16,253,201909
20190702,20190701,73,164090073,050509878,26680,N,5,254,201909
20190702,20190701,73,164090073,050511169,26680,N,27,255,201909
20190702,20190701,73,164090073,050511293,26680,N,27,256,201909
20190702,20190701,73,164090073,050517698,26680,N,20,257,201909
20190702,20190701,73,164090073,050546577,26680,N,5,258,201909
20190702,20190701,73,164090073,050547077,26680,N,16,259,201909
20190702,20190701,73,164090073,050547201,26680,N,5,260,201909
20190702,20190701,73,164090073,050547588,26680,N,5,261,201909
20190702,20190701,73,164090073,050547713,26680,N,5,262,201909
20190702,20190701,73,164090073,050547837,26680,N,5,263,201909
20190702,20190701,73,164090073,050547975,26680,N,9,264,201909
20190702,20190701,73,164090073,050556330,26680,N,16,265,201909
20190702,20190701,73,164090073,050556455,26680,N,14,266,201909
20190702,20190701,73,164090073,050559491,26680,N,5,267,201909
20190702,20190701,73,164090073,050559616,26680,N,11,268,201909
20190702,20190701,73,164090073,050609075,26680,N,5,269,201909
20190702,20190701,73,164090073,050609199,26680,N,16,270,201909
20190702,20190701,73,164090073,050609323,26680,N,5,271,201909
20190702,20190701,73,164090073,050624201,26680,N,5,272,201909
20190702,20190701,73,164090073,050750531,26672,N,10,273,201909
20190702,20190701,73,164090073,050750531,26671,N,20,274,201909
20190702,20190701,73,164090073,050750655,26671,N,70,275,201909
20190702,20190701,73,164090073,050750655,26673,N,5,276,201909
20190702,20190701,73,164090073,050827816,26673,N,50,277,201909
20190702,20190701,73,164090073,050839062,26673,N,49,278,201909
20190702,20190701,73,164090073,050839186,26673,N,1,279,201909
20190702,20190701,73,164090073,050913980,26670,N,50,280,201909
20190702,20190701,73,164090073,050913980,26672,N,4,281,201909
20190702,20190701,73,164090073,050920930,26673,N,5,282,201909
20190702,20190701,73,164090073,050921290,26670,N,41,283,201909
20190702,20190701,73,164090073,050924129,26670,N,9,284,201909
20190702,20190701,73,164090073,050925305,26673,N,5,285,201909
20190702,20190701,73,164090073,050925429,26673,N,11,286,201909
20190702,20190701,73,164090073,050925920,26673,N,5,287,201909
20190702,20190701,73,164090073,050926044,26673,N,11,288,201909
20190702,20190701,73,164090073,050926168,26673,N,5,289,201909
20190702,20190701,73,164090073,050936289,26672,N,5,290,201909
20190702,20190701,73,164090073,050936413,26672,N,22,291,201909
20190702,20190701,73,164090073,050958277,26670,N,16,292,201909
20190702,20190701,73,164090073,050958401,26670,N,11,293,201909
20190702,20190701,73,164090073,050958525,26670,N,5,294,201909
20190702,20190701,73,164090073,050958649,26670,N,18,295,201909
20190702,20190701,73,164090073,051006477,26671,N,5,296,201909
20190702,20190701,73,164090073,051007263,26671,N,5,297,201909
20190702,20190701,73,164090073,051007388,26671,N,5,298,201909
20190702,20190701,73,164090073,051016069,26671,N,11,299,201909
20190702,20190701,73,164090073,051016194,26671,N,11,300,201909
20190702,20190701,73,164090073,051432986,26670,N,5,301,201909
20190702,20190701,73,164090073,051433162,26670,N,16,302,201909
20190702,20190701,73,164090073,051433286,26670,N,27,303,201909
20190702,20190701,73,164090073,051433411,26670,N,2,304,201909
20190702,20190701,73,164090073,051433991,26671,N,5,305,201909
20190702,20190701,73,164090073,051434847,26671,N,8,306,201909
20190702,20190701,73,164090073,051441072,26672,N,5,307,201909
20190702,20190701,73,164090073,051445986,26672,N,5,308,201909
20190702,20190701,73,164090073,051446111,26672,N,5,309,201909
20190702,20190701,73,164090073,051446786,26672,N,8,310,201909
20190702,20190701,73,164090073,051447295,26673,N,8,311,201909
20190702,20190701,73,164090073,053001020,26680,E,1,312,201909
20190702,20190702,73,164090073,084756695,26628,O,1,313,201909
20190702,20190702,73,164090073,084756818,26625,N,4,314,201909
20190702,20190702,73,164090073,084801341,26630,N,5,315,201909
20190702,20190702,73,164090073,084821383,26634,N,4,316,201909
20190702,20190702,73,164090073,084844462,26630,N,5,317,201909
20190702,20190702,73,164090073,090213150,26669,N,5,318,201909
20190702,20190702,73,164090073,090215027,26660,N,1,319,201909
20190702,20190702,73,164090073,090220488,26659,N,10,320,201909
20190702,20190702,73,164090073,090220489,26659,N,1,321,201909
20190702,20190702,73,164090073,090220950,26660,N,10,322,201909
20190702,20190702,73,164090073,090240468,26662,N,1,323,201909
20190702,20190702,73,164090073,090240474,26662,N,1,324,201909
20190702,20190702,73,164090073,090257641,26663,N,1,325,201909
20190702,20190702,73,164090073,090300344,26662,N,10,326,201909
20190702,20190702,73,164090073,090300611,26664,N,11,327,201909
20190702,20190702,73,164090073,090300735,26662,N,2,328,201909
20190702,20190702,73,164090073,090300735,26661,N,2,329,201909
20190702,20190702,73,164090073,090302159,26660,N,10,330,201909
20190702,20190702,73,164090073,090302159,26660,N,1,331,201909
20190702,20190702,73,164090073,090303061,26663,N,1,332,201909
20190702,20190702,73,164090073,090322018,26667,N,10,333,201909
20190702,20190702,73,164090073,090418190,26669,N,2,334,201909
20190702,20190702,73,164090073,090652620,26660,N,1,335,201909
20190702,20190702,73,164090073,090705909,26660,N,10,336,201909
20190702,20190702,73,164090073,090722864,26663,N,10,337,201909
20190702,20190702,73,164090073,090801301,26664,N,10,338,201909
20190702,20190702,73,164090073,090801301,26664,N,1,339,201909
20190702,20190702,73,164090073,091036516,26676,N,1,340,201909
20190702,20190702,73,164090073,091036519,26676,N,9,341,201909
20190702,20190702,73,164090073,091226847,26675,N,1,342,201909
20190702,20190702,73,164090073,091911356,26681,N,1,343,201909
20190702,20190702,73,164090073,091944359,26676,N,1,344,201909
20190702,20190702,73,164090073,091946567,26676,N,10,345,201909
20190702,20190702,73,164090073,092035285,26679,N,1,346,201909
20190702,20190702,73,164090073,092035285,26678,N,1,347,201909
20190702,20190702,73,164090073,092150906,26682,N,11,348,201909
20190702,20190702,73,164090073,092154126,26683,N,11,349,201909
20190702,20190702,73,164090073,092324247,26683,N,1,350,201909
20190702,20190702,73,164090073,092359780,26682,N,5,351,201909
20190702,20190702,73,164090073,092452113,26682,N,2,352,201909
20190702,20190702,73,164090073,092525181,26683,N,1,353,201909
20190702,20190702,73,164090073,092615052,26678,N,1,354,201909
20190702,20190702,73,164090073,092955491,26676,N,1,355,201909
20190702,20190702,73,164090073,093001361,26676,N,1,356,201909
20190702,20190702,73,164090073,093030221,26673,N,5,357,201909
20190702,20190702,73,164090073,094204680,26670,N,1,358,201909
20190702,20190702,73,164090073,094244751,26674,N,1,359,201909
20190702,20190702,73,164090073,094302913,26670,N,1,360,201909
20190702,20190702,73,164090073,095045335,26666,N,1,361,201909
20190702,20190702,73,164090073,095202439,26675,N,1,362,201909
20190702,20190702,73,164090073,095247418,26677,N,5,363,201909
20190702,20190702,73,164090073,095315590,26686,N,1,364,201909
20190702,20190702,73,164090073,095404037,26686,N,1,365,201909
20190702,20190702,73,164090073,095418002,26685,N,4,366,201909
20190702,20190702,73,164090073,095436133,26685,N,1,367,201909
20190702,20190702,73,164090073,095552077,26689,N,1,368,201909
20190702,20190702,73,164090073,095830897,26685,N,22,369,201909
20190702,20190702,73,164090073,100103174,26690,N,44,370,201909
20190702,20190702,73,164090073,100234952,26685,N,11,371,201909
20190702,20190702,73,164090073,100726389,26685,N,22,372,201909
20190702,20190702,73,164090073,100733862,26685,N,10,373,201909
20190702,20190702,73,164090073,100733862,26685,N,1,374,201909
20190702,20190702,73,164090073,100733883,26685,N,11,375,201909
20190702,20190702,73,164090073,101220559,26685,N,23,376,201909
20190702,20190702,73,164090073,101312720,26681,N,1,377,201909
20190702,20190702,73,164090073,101700580,26690,N,1,378,201909
20190702,20190702,73,164090073,101710475,26690,N,5,379,201909
20190702,20190702,73,164090073,101721148,26688,N,2,380,201909
20190702,20190702,73,164090073,102102005,26692,N,1,381,201909
20190702,20190702,73,164090073,102430930,26695,N,11,382,201909
20190702,20190702,73,164090073,102510172,26695,N,4,383,201909
20190702,20190702,73,164090073,102510714,26695,N,22,384,201909
20190702,20190702,73,164090073,102510714,26695,N,1,385,201909
20190702,20190702,73,164090073,102631933,26695,N,12,386,201909
20190702,20190702,73,164090073,102804438,26690,N,1,387,201909
20190702,20190702,73,164090073,102841504,26685,N,1,388,201909
20190702,20190702,73,164090073,103736439,26700,N,1,389,201909
20190702,20190702,73,164090073,103759883,26700,N,33,390,201909
20190702,20190702,73,164090073,103759883,26700,N,1,391,201909
20190702,20190702,73,164090073,103759885,26700,N,1,392,201909
20190702,20190702,73,164090073,103809129,26700,N,10,393,201909
20190702,20190702,73,164090073,103809225,26700,N,4,394,201909
20190702,20190702,73,164090073,104341772,26705,N,33,395,201909
20190702,20190702,73,164090073,104346424,26705,N,10,396,201909
20190702,20190702,73,164090073,104346630,26705,N,7,397,201909
20190702,20190702,73,164090073,104511718,26710,N,1,398,201909
20190702,20190702,73,164090073,104511718,26710,N,6,399,201909
20190702,20190702,73,164090073,104511718,26710,N,12,400,201909
20190702,20190702,73,164090073,110053775,26706,N,1,401,201909
20190702,20190702,73,164090073,110053775,26707,N,4,402,201909
20190702,20190702,73,164090073,110540731,26700,N,1,403,201909
20190702,20190702,73,164090073,112607164,26703,N,2,404,201909
20190702,20190702,73,164090073,114715440,26698,N,1,405,201909
20190702,20190702,73,164090073,114745264,26695,N,1,406,201909
20190702,20190702,73,164090073,122728532,26697,N,1,407,201909
20190702,20190702,73,164090073,123130704,26700,N,1,408,201909
20190702,20190702,73,164090073,125947741,26708,N,1,409,201909
20190702,20190702,73,164090073,130049296,26705,N,5,410,201909
20190702,20190702,73,164090073,131952490,26706,N,2,411,201909
20190702,20190702,73,164090073,132114171,26711,N,1,412,201909
20190702,20190702,73,164090073,132114171,26712,N,9,413,201909
20190702,20190702,73,164090073,132654334,26705,N,1,414,201909
20190702,20190702,73,164090073,133240626,26714,N,3,415,201909
20190702,20190702,73,164090073,133950954,26711,N,1,416,201909
20190702,20190702,73,164090073,134014436,26710,N,1,417,201909
20190702,20190702,73,164090073,135223246,26710,N,1,418,201909
20190702,20190702,73,164090073,135818676,26710,N,1,419,201909
20190702,20190702,73,164090073,143239672,26687,N,1,420,201909
20190702,20190702,73,164090073,144459865,26687,N,1,421,201909
20190702,20190702,73,164090073,145541493,26692,N,1,422,201909
20190702,20190702,73,164090073,150703881,26696,E,1,423,201909
20190702,20190701,73,164120073,163342262,26829,O,3,424,201912
20190702,20190701,73,164120073,165853968,26820,N,1,425,201912
20190702,20190701,73,164120073,182415778,26800,N,1,426,201912
20190702,20190701,73,164120073,223312587,26800,N,5,427,201912
20190702,20190701,73,164120073,001216006,26598,N,6,428,201912
20190702,20190701,73,164120073,002156567,26601,N,1,429,201912
20190702,20190701,73,164120073,013943141,26655,E,1,430,201912
20190702,20190702,73,164120073,112409643,26650,O,1,431,201912
20190703,20190702,73,164090073,164634733,26660,O,1,1,201909
20190703,20190702,73,164090073,165608289,26659,N,2,2,201909
20190703,20190702,73,164090073,171559861,26639,N,1,3,201909
20190703,20190702,73,164090073,171945750,26638,N,3,4,201909
20190703,20190702,73,164090073,172555600,26630,N,1,5,201909
20190703,20190702,73,164090073,174447928,26620,N,5,6,201909
20190703,20190702,73,164090073,174757075,26618,N,1,7,201909
20190703,20190702,73,164090073,175721271,26636,N,1,8,201909
20190703,20190702,73,164090073,181155545,26636,N,2,9,201909
20190703,20190702,73,164090073,183056393,26642,N,1,10,201909
20190703,20190702,73,164090073,185034179,26642,N,1,11,201909
20190703,20190702,73,164090073,185257650,26631,N,1,12,201909
20190703,20190702,73,164090073,191439118,26639,N,1,13,201909
20190703,20190702,73,164090073,194924395,26659,N,1,14,201909
20190703,20190702,73,164090073,202555323,26639,N,11,15,201909
20190703,20190702,73,164090073,210051765,26644,N,7,16,201909
20190703,20190702,73,164090073,212210214,26651,N,10,17,201909
20190703,20190702,73,164090073,212423559,26652,N,1,18,201909
20190703,20190702,73,164090073,213525075,26652,N,1,19,201909
20190703,20190702,73,164090073,221855296,26655,N,1,20,201909
20190703,20190702,73,164090073,223126888,26635,N,1,21,201909
20190703,20190702,73,164090073,223135749,26636,N,2,22,201909
20190703,20190702,73,164090073,223214139,26613,N,1,23,201909
20190703,20190702,73,164090073,223314054,26615,N,2,24,201909
20190703,20190702,73,164090073,223451468,26610,N,3,25,201909
20190703,20190702,73,164090073,223721815,26631,N,1,26,201909
20190703,20190702,73,164090073,224052893,26653,N,2,27,201909
20190703,20190702,73,164090073,224447142,26653,N,2,28,201909
20190703,20190702,73,164090073,224621764,26642,N,1,29,201909
20190703,20190702,73,164090073,224707561,26628,N,2,30,201909
20190703,20190702,73,164090073,224912370,26633,N,1,31,201909
20190703,20190702,73,164090073,225309313,26634,N,1,32,201909
20190703,20190702,73,164090073,225331839,26628,N,1,33,201909
20190703,20190702,73,164090073,225420757,26625,N,2,34,201909
20190703,20190702,73,164090073,225716335,26622,N,2,35,201909
20190703,20190702,73,164090073,230103228,26630,N,1,36,201909
20190703,20190702,73,164090073,230141411,26638,N,1,37,201909
20190703,20190702,73,164090073,230147794,26640,N,2,38,201909
20190703,20190702,73,164090073,230232761,26643,N,1,39,201909
20190703,20190702,73,164090073,232009709,26643,N,10,40,201909
20190703,20190702,73,164090073,232009709,26642,N,10,41,201909
20190703,20190702,73,164090073,232009710,26642,N,10,42,201909
20190703,20190702,73,164090073,232156869,26659,N,2,43,201909
20190703,20190702,73,164090073,232200396,26672,N,2,44,201909
20190703,20190702,73,164090073,232813482,26687,N,1,45,201909
20190703,20190702,73,164090073,232842988,26684,N,4,46,201909
20190703,20190702,73,164090073,232935200,26690,N,2,47,201909
20190703,20190702,73,164090073,233103909,26699,N,4,48,201909
20190703,20190702,73,164090073,233106990,26700,N,5,49,201909
20190703,20190702,73,164090073,233109347,26700,N,1,50,201909
20190703,20190702,73,164090073,233115757,26700,N,10,51,201909
20190703,20190702,73,164090073,233119614,26700,N,4,52,201909
20190703,20190702,73,164090073,233129150,26711,N,4,53,201909
20190703,20190702,73,164090073,233229628,26711,N,1,54,201909
20190703,20190702,73,164090073,233233861,26711,N,3,55,201909
20190703,20190702,73,164090073,233550910,26706,N,2,56,201909
20190703,20190702,73,164090073,233723778,26699,N,2,57,201909
20190703,20190702,73,164090073,234227471,26688,N,1,58,201909
20190703,20190702,73,164090073,234246861,26688,N,1,59,201909
20190703,20190702,73,164090073,234416757,26685,N,3,60,201909
20190703,20190702,73,164090073,234501303,26678,N,2,61,201909
20190703,20190702,73,164090073,234503274,26677,N,2,62,201909
20190703,20190702,73,164090073,234610371,26679,N,1,63,201909
20190703,20190702,73,164090073,000457301,26700,N,2,64,201909
20190703,20190702,73,164090073,001235510,26687,N,3,65,201909
20190703,20190702,73,164090073,001656519,26689,N,1,66,201909
20190703,20190702,73,164090073,001739165,26689,N,1,67,201909
20190703,20190702,73,164090073,002436454,26676,N,20,68,201909
20190703,20190702,73,164090073,002436472,26674,N,10,69,201909
20190703,20190702,73,164090073,002754588,26673,N,1,70,201909
20190703,20190702,73,164090073,002806146,26671,N,2,71,201909
20190703,20190702,73,164090073,003012920,26671,N,1,72,201909
20190703,20190702,73,164090073,003208320,26675,N,4,73,201909
20190703,20190702,73,164090073,003233384,26669,N,4,74,201909
20190703,20190702,73,164090073,003510822,26655,N,2,75,201909
20190703,20190702,73,164090073,003939372,26653,N,10,76,201909
20190703,20190702,73,164090073,003946676,26650,N,3,77,201909
20190703,20190702,73,164090073,004037893,26644,N,10,78,201909
20190703,20190702,73,164090073,004317666,26652,N,10,79,201909
20190703,20190702,73,164090073,005233838,26664,N,1,80,201909
20190703,20190702,73,164090073,010200915,26677,N,1,81,201909
20190703,20190702,73,164090073,012724314,26643,N,2,82,201909
20190703,20190702,73,164090073,012802422,26636,N,2,83,201909
20190703,20190702,73,164090073,012814384,26631,N,1,84,201909
20190703,20190702,73,164090073,012819385,26630,N,10,85,201909
20190703,20190702,73,164090073,012819385,26629,N,5,86,201909
20190703,20190702,73,164090073,012927779,26623,N,1,87,201909
20190703,20190702,73,164090073,012929827,26623,N,1,88,201909
20190703,20190702,73,164090073,012934819,26624,N,4,89,201909
20190703,20190702,73,164090073,013423194,26606,N,1,90,201909
20190703,20190702,73,164090073,013423330,26605,N,2,91,201909
20190703,20190702,73,164090073,013425497,26600,N,1,92,201909
20190703,20190702,73,164090073,013430845,26603,N,1,93,201909
20190703,20190702,73,164090073,013601844,26611,N,3,94,201909
20190703,20190702,73,164090073,013754595,26623,N,2,95,201909
20190703,20190702,73,164090073,014057912,26627,N,10,96,201909
20190703,20190702,73,164090073,014908110,26631,N,1,97,201909
20190703,20190702,73,164090073,015406716,26632,N,1,98,201909
20190703,20190702,73,164090073,015604908,26630,N,1,99,201909
20190703,20190702,73,164090073,015606214,26631,N,1,100,201909
20190703,20190702,73,164090073,021952875,26663,N,1,101,201909
20190703,20190702,73,164090073,024059012,26672,N,10,102,201909
20190703,20190702,73,164090073,024059013,26672,N,10,103,201909
20190703,20190702,73,164090073,024700855,26671,N,1,104,201909
20190703,20190702,73,164090073,030847380,26697,N,3,105,201909
20190703,20190702,73,164090073,031935467,26691,N,1,106,201909
20190703,20190702,73,164090073,033244546,26684,N,2,107,201909
20190703,20190702,73,164090073,040239403,26673,N,11,108,201909
20190703,20190702,73,164090073,041228661,26699,N,1,109,201909
20190703,20190702,73,164090073,041318170,26693,N,1,110,201909
20190703,20190702,73,164090073,041443368,26685,N,10,111,201909
20190703,20190702,73,164090073,041443369,26684,N,10,112,201909
20190703,20190702,73,164090073,041443490,26671,N,10,113,201909
20190703,20190702,73,164090073,041452658,26667,N,16,114,201909
20190703,20190702,73,164090073,043122434,26695,N,1,115,201909
20190703,20190702,73,164090073,043546663,26710,N,1,116,201909
20190703,20190702,73,164090073,043809587,26711,N,10,117,201909
20190703,20190702,73,164090073,043809594,26719,N,11,118,201909
20190703,20190702,73,164090073,043809705,26719,N,5,119,201909
20190703,20190702,73,164090073,045449159,26720,N,1,120,201909
20190703,20190702,73,164090073,045702847,26724,N,9,121,201909
20190703,20190702,73,164090073,045944499,26743,N,11,122,201909
20190703,20190702,73,164090073,045944500,26750,N,3,123,201909
20190703,20190702,73,164090073,045958117,26750,N,16,124,201909
20190703,20190702,73,164090073,045958117,26750,N,2,125,201909
20190703,20190702,73,164090073,050213763,26755,N,1,126,201909
20190703,20190702,73,164090073,050425175,26757,N,1,127,201909
20190703,20190702,73,164090073,051313922,26770,N,1,128,201909
20190703,20190702,73,164090073,051332216,26789,N,1,129,201909
20190703,20190702,73,164090073,051332217,26789,E,1,130,201909
20190703,20190703,73,164090073,084501051,26762,O,4,131,201909
20190703,20190703,73,164090073,084833652,26760,N,1,132,201909
20190703,20190703,73,164090073,084833652,26763,N,1,133,201909
20190703,20190703,73,164090073,085614233,26756,N,8,134,201909
20190703,20190703,73,164090073,085614271,26756,N,2,135,201909
20190703,20190703,73,164090073,085700088,26755,N,1,136,201909
20190703,20190703,73,164090073,090907606,26753,N,1,137,201909
20190703,20190703,73,164090073,090908167,26757,N,1,138,201909
20190703,20190703,73,164090073,091118158,26762,N,1,139,201909
20190703,20190703,73,164090073,092037496,26762,N,1,140,201909
20190703,20190703,73,164090073,092037496,26763,N,2,141,201909
20190703,20190703,73,164090073,092502568,26760,N,5,142,201909
20190703,20190703,73,164090073,092847886,26760,N,1,143,201909
20190703,20190703,73,164090073,093250836,26763,N,1,144,201909
20190703,20190703,73,164090073,093250839,26763,N,1,145,201909
20190703,20190703,73,164090073,094410636,26773,N,1,146,201909
20190703,20190703,73,164090073,094938288,26760,N,1,147,201909
20190703,20190703,73,164090073,095007137,26760,N,1,148,201909
20190703,20190703,73,164090073,100055557,26738,N,1,149,201909
20190703,20190703,73,164090073,100730536,26750,N,2,150,201909
20190703,20190703,73,164090073,100731745,26750,N,2,151,201909
20190703,20190703,73,164090073,102251569,26734,N,1,152,201909
20190703,20190703,73,164090073,103418305,26728,N,1,153,201909
20190703,20190703,73,164090073,103540381,26737,N,1,154,201909
20190703,20190703,73,164090073,104118548,26737,N,1,155,201909
20190703,20190703,73,164090073,104313006,26737,N,1,156,201909
20190703,20190703,73,164090073,104507196,26737,N,10,157,201909
20190703,20190703,73,164090073,105057750,26732,N,1,158,201909
20190703,20190703,73,164090073,112832960,26738,N,2,159,201909
20190703,20190703,73,164090073,113015575,26736,N,1,160,201909
20190703,20190703,73,164090073,113314437,26740,N,2,161,201909
20190703,20190703,73,164090073,122350427,26733,N,1,162,201909
20190703,20190703,73,164090073,122556871,26741,N,1,163,201909
20190703,20190703,73,164090073,122558039,26741,N,4,164,201909
20190703,20190703,73,164090073,123314864,26741,N,1,165,201909
20190703,20190703,73,164090073,123345466,26741,N,1,166,201909
20190703,20190703,73,164090073,123345466,26742,N,1,167,201909
20190703,20190703,73,164090073,123418359,26742,N,1,168,201909
20190703,20190703,73,164090073,124132279,26733,N,1,169,201909
20190703,20190703,73,164090073,124705293,26735,N,1,170,201909
20190703,20190703,73,164090073,133956077,26730,N,3,171,201909
20190703,20190703,73,164090073,134043486,26733,N,1,172,201909
20190703,20190703,73,164090073,134154075,26730,N,1,173,201909
20190703,20190703,73,164090073,134448077,26730,N,1,174,201909
20190703,20190703,73,164090073,134818152,26734,N,1,175,201909
20190703,20190703,73,164090073,140523079,26740,N,2,176,201909
20190703,20190703,73,164090073,142357436,26743,N,20,177,201909
20190703,20190703,73,164090073,142535694,26748,N,10,178,201909
20190703,20190703,73,164090073,142624963,26748,N,5,179,201909
20190703,20190703,73,164090073,143211607,26741,N,1,180,201909
20190703,20190703,73,164090073,143337730,26745,N,1,181,201909
20190703,20190703,73,164090073,145124653,26748,N,1,182,201909
20190703,20190703,73,164090073,150032539,26758,E,1,183,201909
20190703,20190702,73,164120073,171318171,26575,O,1,184,201912
20190703,20190702,73,164120073,040752640,26570,N,1,185,201912
20190703,20190702,73,164120073,050853239,26680,E,1,186,201912
20190704,20190703,73,164090073,163100297,26801,O,3,1,201909
20190704,20190703,73,164090073,163101221,26801,N,1,2,201909
20190704,20190703,73,164090073,163126591,26801,N,1,3,201909
20190704,20190703,73,164090073,163524135,26819,N,10,4,201909
20190704,20190703,73,164090073,163643097,26809,N,1,5,201909
20190704,20190703,73,164090073,163729209,26808,N,2,6,201909
20190704,20190703,73,164090073,163819993,26806,N,10,7,201909
20190704,20190703,73,164090073,163823640,26805,N,1,8,201909
20190704,20190703,73,164090073,163909001,26805,N,2,9,201909
20190704,20190703,73,164090073,164203399,26805,N,3,10,201909
20190704,20190703,73,164090073,164340826,26803,N,1,11,201909
20190704,20190703,73,164090073,164425372,26806,N,1,12,201909
20190704,20190703,73,164090073,164845459,26806,N,9,13,201909
20190704,20190703,73,164090073,164845579,26805,N,3,14,201909
20190704,20190703,73,164090073,164848745,26807,N,5,15,201909
20190704,20190703,73,164090073,164851508,26803,N,1,16,201909
20190704,20190703,73,164090073,165032373,26802,N,1,17,201909
20190704,20190703,73,164090073,165054700,26809,N,1,18,201909
20190704,20190703,73,164090073,170133372,26802,N,1,19,201909
20190704,20190703,73,164090073,170523856,26800,N,5,20,201909
20190704,20190703,73,164090073,171051987,26818,N,1,21,201909
20190704,20190703,73,164090073,171059890,26820,N,10,22,201909
20190704,20190703,73,164090073,171105246,26820,N,10,23,201909
20190704,20190703,73,164090073,171242058,26810,N,1,24,201909
20190704,20190703,73,164090073,174417279,26816,N,2,25,201909
20190704,20190703,73,164090073,175027383,26817,N,1,26,201909
20190704,20190703,73,164090073,175202519,26817,N,1,27,201909
20190704,20190703,73,164090073,175354798,26822,N,2,28,201909
20190704,20190703,73,164090073,175743212,26826,N,2,29,201909
20190704,20190703,73,164090073,183138946,26825,N,10,30,201909
20190704,20190703,73,164090073,183139157,26825,N,5,31,201909
20190704,20190703,73,164090073,183340246,26832,N,1,32,201909
20190704,20190703,73,164090073,183710842,26822,N,2,33,201909
20190704,20190703,73,164090073,184118637,26823,N,1,34,201909
20190704,20190703,73,164090073,184120012,26823,N,1,35,201909
20190704,20190703,73,164090073,185512053,26830,N,1,36,201909
20190704,20190703,73,164090073,185945273,26827,N,1,37,201909
20190704,20190703,73,164090073,190951940,26832,N,1,38,201909
20190704,20190703,73,164090073,191910802,26827,N,1,39,201909
20190704,20190703,73,164090073,192434756,26827,N,1,40,201909
20190704,20190703,73,164090073,193744792,26828,N,4,41,201909
20190704,20190703,73,164090073,200955812,26828,N,1,42,201909
20190704,20190703,73,164090073,201308652,26828,N,1,43,201909
20190704,20190703,73,164090073,201414777,26832,N,1,44,201909
20190704,20190703,73,164090073,201414846,26832,N,4,45,201909
20190704,20190703,73,164090073,201854131,26824,N,1,46,201909
20190704,20190703,73,164090073,202558106,26818,N,1,47,201909
20190704,20190703,73,164090073,203243842,26818,N,1,48,201909
20190704,20190703,73,164090073,204020396,26818,N,1,49,201909
20190704,20190703,73,164090073,204144691,26820,N,1,50,201909
20190704,20190703,73,164090073,204558348,26822,N,1,51,201909
20190704,20190703,73,164090073,205247699,26815,N,2,52,201909
20190704,20190703,73,164090073,205504834,26813,N,3,53,201909
20190704,20190703,73,164090073,205520198,26816,N,5,54,201909
20190704,20190703,73,164090073,210432025,26824,N,1,55,201909
20190704,20190703,73,164090073,211024375,26823,N,1,56,201909
20190704,20190703,73,164090073,211509603,26814,N,5,57,201909
20190704,20190703,73,164090073,211702289,26823,N,6,58,201909
20190704,20190703,73,164090073,211852465,26821,N,1,59,201909
20190704,20190703,73,164090073,211926048,26821,N,1,60,201909
20190704,20190703,73,164090073,212756971,26822,N,1,61,201909
20190704,20190703,73,164090073,214520966,26818,N,1,62,201909
20190704,20190703,73,164090073,220300014,26825,N,1,63,201909
20190704,20190703,73,164090073,220643873,26825,N,1,64,201909
20190704,20190703,73,164090073,222605302,26811,N,5,65,201909
20190704,20190703,73,164090073,222817824,26800,N,10,66,201909
20190704,20190703,73,164090073,222915279,26805,N,2,67,201909
20190704,20190703,73,164090073,223051569,26815,N,1,68,201909
20190704,20190703,73,164090073,223232574,26810,N,1,69,201909
20190704,20190703,73,164090073,223440071,26814,N,1,70,201909
20190704,20190703,73,164090073,223507134,26814,N,1,71,201909
20190704,20190703,73,164090073,224922251,26820,N,2,72,201909
20190704,20190703,73,164090073,225021670,26813,N,1,73,201909
20190704,20190703,73,164090073,225335227,26813,N,1,74,201909
20190704,20190703,73,164090073,230202460,26813,N,1,75,201909
20190704,20190703,73,164090073,230229511,26811,N,1,76,201909
20190704,20190703,73,164090073,230947912,26820,N,1,77,201909
20190704,20190703,73,164090073,231341155,26809,N,10,78,201909
20190704,20190703,73,164090073,232110991,26832,N,2,79,201909
20190704,20190703,73,164090073,232136644,26827,N,1,80,201909
20190704,20190703,73,164090073,232150197,26827,N,2,81,201909
20190704,20190703,73,164090073,232156685,26827,N,2,82,201909
20190704,20190703,73,164090073,232205160,26827,N,1,83,201909
20190704,20190703,73,164090073,232629660,26821,N,1,84,201909
20190704,20190703,73,164090073,233203079,26837,N,11,85,201909
20190704,20190703,73,164090073,233417706,26842,N,1,86,201909
20190704,20190703,73,164090073,233852422,26852,N,1,87,201909
20190704,20190703,73,164090073,233938784,26857,N,1,88,201909
20190704,20190703,73,164090073,234002281,26858,N,1,89,201909
20190704,20190703,73,164090073,234033200,26856,N,1,90,201909
20190704,20190703,73,164090073,234136938,26864,N,1,91,201909
20190704,20190703,73,164090073,234139632,26864,N,1,92,201909
20190704,20190703,73,164090073,234312181,26866,N,1,93,201909
20190704,20190703,73,164090073,234539322,26861,N,1,94,201909
20190704,20190703,73,164090073,234552858,26855,N,1,95,201909
20190704,20190703,73,164090073,234713751,26845,N,1,96,201909
20190704,20190703,73,164090073,234750617,26850,N,1,97,201909
20190704,20190703,73,164090073,234925465,26850,N,1,98,201909
20190704,20190703,73,164090073,235120911,26850,N,6,99,201909
20190704,20190703,73,164090073,235231687,26852,N,1,100,201909
20190704,20190703,73,164090073,235310833,26850,N,1,101,201909
20190704,20190703,73,164090073,235459913,26854,N,1,102,201909
20190704,20190703,73,164090073,235937632,26850,N,1,103,201909
20190704,20190703,73,164090073,000442425,26853,N,1,104,201909
20190704,20190703,73,164090073,000508220,26851,N,1,105,201909
20190704,20190703,73,164090073,000618118,26846,N,1,106,201909
20190704,20190703,73,164090073,000653890,26844,N,1,107,201909
20190704,20190703,73,164090073,000907635,26842,N,1,108,201909
20190704,20190703,73,164090073,000917054,26843,N,1,109,201909
20190704,20190703,73,164090073,001431212,26839,N,1,110,201909
20190704,20190703,73,164090073,001917861,26833,N,1,111,201909
20190704,20190703,73,164090073,002124753,26830,N,1,112,201909
20190704,20190703,73,164090073,003015424,26843,N,1,113,201909
20190704,20190703,73,164090073,003205718,26851,N,1,114,201909
20190704,20190703,73,164090073,003221973,26855,N,16,115,201909
20190704,20190703,73,164090073,003222098,26855,N,4,116,201909
20190704,20190703,73,164090073,003450091,26855,N,1,117,201909
20190704,20190703,73,164090073,003804256,26860,N,10,118,201909
20190704,20190703,73,164090073,004807374,26870,N,3,119,201909
20190704,20190703,73,164090073,005101447,26867,N,1,120,201909
20190704,20190703,73,164090073,005446773,26870,N,1,121,201909
20190704,20190703,73,164090073,005713271,26879,N,1,122,201909
20190704,20190703,73,164090073,005713706,26880,N,1,123,201909
20190704,20190703,73,164090073,005752093,26881,N,5,124,201909
20190704,20190703,73,164090073,005752218,26881,N,25,125,201909
20190704,20190703,73,164090073,005752868,26880,N,1,126,201909
20190704,20190703,73,164090073,005949901,26885,N,2,127,201909
20190704,20190703,73,164090073,010050944,26888,N,1,128,201909
20190704,20190703,73,164090073,010115695,26890,N,5,129,201909
20190704,20190703,73,164090073,010115696,26894,N,2,130,201909
20190704,20190703,73,164090073,010115696,26894,N,2,131,201909
20190704,20190703,73,164090073,010115697,26895,N,4,132,201909
20190704,20190703,73,164090073,010115701,26895,N,11,133,201909
20190704,20190703,73,164090073,010122379,26889,N,1,134,201909
20190704,20190703,73,164090073,010140723,26899,N,1,135,201909
20190704,20190703,73,164090073,010235929,26900,N,11,136,201909
20190704,20190703,73,164090073,010235930,26900,N,1,137,201909
20190704,20190703,73,164090073,010246280,26895,N,1,138,201909
20190704,20190703,73,164090073,010339758,26901,N,1,139,201909
20190704,20190703,73,164090073,010436318,26895,N,1,140,201909
20190704,20190703,73,164090073,010559544,26894,N,1,141,201909
20190704,20190703,73,164090073,011210094,26894,N,1,142,201909
20190704,20190703,73,164090073,011644914,26898,N,1,143,201909
20190704,20190703,73,164090073,011646080,26901,N,1,144,201909
20190704,20190703,73,164090073,011646080,26903,N,1,145,201909
20190704,20190703,73,164090073,011658791,26903,N,1,146,201909
20190704,20190703,73,164090073,011713991,26897,N,5,147,201909
20190704,20190703,73,164090073,011751394,26905,N,2,148,201909
20190704,20190703,73,164090073,011834264,26907,N,1,149,201909
20190704,20190703,73,164090073,011848828,26903,N,1,150,201909
20190704,20190703,73,164090073,012509266,26897,N,1,151,201909
20190704,20190703,73,164090073,012558075,26902,N,2,152,201909
20190704,20190703,73,164090073,012601838,26903,N,2,153,201909
20190704,20190703,73,164090073,012630338,26901,N,1,154,201909
20190704,20190703,73,164090073,013106142,26914,N,1,155,201909
20190704,20190703,73,164090073,013308791,26910,N,1,156,201909
20190704,20190703,73,164090073,013653563,26911,N,1,157,201909
20190704,20190703,73,164090073,013822075,26915,N,1,158,201909
20190704,20190703,73,164090073,014231010,26910,N,5,159,201909
20190704,20190703,73,164090073,014422832,26896,N,3,160,201909
20190704,20190703,73,164090073,014631051,26883,N,10,161,201909
20190704,20190703,73,164090073,014631175,26883,N,40,162,201909
20190704,20190703,73,164090073,014631175,26885,N,10,163,201909
20190704,20190703,73,164090073,014712992,26885,N,2,164,201909
20190704,20190703,73,164090073,014944389,26897,N,1,165,201909
20190704,20190703,73,164090073,015210330,26901,N,1,166,201909
20190704,20190703,73,164090073,015500213,26903,N,3,167,201909
20190704,20190703,73,164090073,015709631,26905,N,1,168,201909
20190704,20190703,73,164090073,015848524,26916,N,1,169,201909
20190704,20190703,73,164090073,015903074,26918,N,5,170,201909
20190704,20190703,73,164090073,015903199,26918,N,5,171,201909
20190704,20190703,73,164090073,015903503,26918,N,3,172,201909
20190704,20190703,73,164090073,015917591,26924,N,1,173,201909
20190704,20190703,73,164090073,015936220,26930,N,2,174,201909
20190704,20190703,73,164090073,015936221,26932,N,1,175,201909
20190704,20190703,73,164090073,015936221,26932,N,1,176,201909
20190704,20190703,73,164090073,020137695,26932,N,1,177,201909
20190704,20190703,73,164090073,020216649,26939,N,1,178,201909
20190704,20190703,73,164090073,020216753,26939,N,20,179,201909
20190704,20190703,73,164090073,020228098,26940,N,1,180,201909
20190704,20190703,73,164090073,020239771,26948,N,17,181,201909
20190704,20190703,73,164090073,020239772,26950,N,1,182,201909
20190704,20190703,73,164090073,020239773,26950,N,1,183,201909
20190704,20190703,73,164090073,020239773,26948,N,11,184,201909
20190704,20190703,73,164090073,020616272,26942,N,10,185,201909
20190704,20190703,73,164090073,020616272,26941,N,5,186,201909
20190704,20190703,73,164090073,020713044,26943,N,1,187,201909
20190704,20190703,73,164090073,020730984,26945,N,1,188,201909
20190704,20190703,73,164090073,020915509,26942,N,3,189,201909
20190704,20190703,73,164090073,021152118,26955,N,1,190,201909
20190704,20190703,73,164090073,021437256,26946,N,1,191,201909
20190704,20190703,73,164090073,021457549,26952,N,2,192,201909
20190704,20190703,73,164090073,021459117,26954,N,11,193,201909
20190704,20190703,73,164090073,021725139,26957,N,11,194,201909
20190704,20190703,73,164090073,022111115,26957,N,1,195,201909
20190704,20190703,73,164090073,022122646,26957,N,1,196,201909
20190704,20190703,73,164090073,022244851,26957,N,1,197,201909
20190704,20190703,73,164090073,023228620,26947,N,2,198,201909
20190704,20190703,73,164090073,024315743,26945,N,3,199,201909
20190704,20190703,73,164090073,025355954,26950,N,2,200,201909
20190704,20190703,73,164090073,025450669,26951,N,1,201,201909
20190704,20190703,73,164090073,025556358,26950,N,2,202,201909
20190704,20190703,73,164090073,025902779,26942,N,1,203,201909
20190704,20190703,73,164090073,025910074,26950,N,1,204,201909
20190704,20190703,73,164090073,030506817,26942,N,1,205,201909
20190704,20190703,73,164090073,031425098,26943,N,1,206,201909
20190704,20190703,73,164090073,033050295,26953,N,1,207,201909
20190704,20190703,73,164090073,033852166,26950,N,1,208,201909
20190704,20190703,73,164090073,035516972,26953,N,1,209,201909
20190704,20190703,73,164090073,040529324,26958,N,1,210,201909
20190704,20190703,73,164090073,041414168,26959,N,1,211,201909
20190704,20190703,73,164090073,042432434,26943,N,1,212,201909
20190704,20190703,73,164090073,042541858,26943,N,1,213,201909
20190704,20190703,73,164090073,045143313,26943,N,1,214,201909
20190704,20190703,73,164090073,051324265,26943,N,1,215,201909
20190704,20190703,73,164090073,051421693,26959,N,1,216,201909
20190704,20190703,73,164090073,051848372,26960,N,1,217,201909
20190704,20190703,73,164090073,051940518,26960,N,1,218,201909
20190704,20190703,73,164090073,052408741,26961,N,1,219,201909
20190704,20190703,73,164090073,053001020,26960,E,1,220,201909
20190704,20190704,73,164090073,084501051,26934,O,6,221,201909
20190704,20190704,73,164090073,084553189,26961,N,1,222,201909
20190704,20190704,73,164090073,085003144,26954,N,11,223,201909
20190704,20190704,73,164090073,085131929,26955,N,1,224,201909
20190704,20190704,73,164090073,085145608,26951,N,1,225,201909
20190704,20190704,73,164090073,085151852,26946,N,1,226,201909
20190704,20190704,73,164090073,085235027,26952,N,1,227,201909
20190704,20190704,73,164090073,085256721,26956,N,2,228,201909
20190704,20190704,73,164090073,085523279,26951,N,3,229,201909
20190704,20190704,73,164090073,085821278,26948,N,1,230,201909
20190704,20190704,73,164090073,090053686,26945,N,1,231,201909
20190704,20190704,73,164090073,090237095,26950,N,10,232,201909
20190704,20190704,73,164090073,090237095,26951,N,11,233,201909
20190704,20190704,73,164090073,090459615,26949,N,5,234,201909
20190704,20190704,73,164090073,090755008,26948,N,10,235,201909
20190704,20190704,73,164090073,091035346,26941,N,1,236,201909
20190704,20190704,73,164090073,091303316,26946,N,10,237,201909
20190704,20190704,73,164090073,091420349,26949,N,3,238,201909
20190704,20190704,73,164090073,091450833,26947,N,1,239,201909
20190704,20190704,73,164090073,092102017,26935,N,5,240,201909
20190704,20190704,73,164090073,092128283,26936,N,1,241,201909
20190704,20190704,73,164090073,092506328,26936,N,1,242,201909
20190704,20190704,73,164090073,093058303,26939,N,1,243,201909
20190704,20190704,73,164090073,093148476,26937,N,1,244,201909
20190704,20190704,73,164090073,093215128,26937,N,1,245,201909
20190704,20190704,73,164090073,093812657,26939,N,1,246,201909
20190704,20190704,73,164090073,093854453,26939,N,1,247,201909
20190704,20190704,73,164090073,093902305,26933,N,2,248,201909
20190704,20190704,73,164090073,100020249,26931,N,1,249,201909
20190704,20190704,73,164090073,100020268,26930,N,2,250,201909
20190704,20190704,73,164090073,100333185,26940,N,5,251,201909
20190704,20190704,73,164090073,101056418,26940,N,5,252,201909
20190704,20190704,73,164090073,113459536,26935,N,1,253,201909
20190704,20190704,73,164090073,113731012,26936,N,1,254,201909
20190704,20190704,73,164090073,113858333,26930,N,1,255,201909
20190704,20190704,73,164090073,121355110,26936,N,1,256,201909
20190704,20190704,73,164090073,121507270,26934,N,1,257,201909
20190704,20190704,73,164090073,121538585,26930,N,8,258,201909
20190704,20190704,73,164090073,121539352,26931,N,1,259,201909
20190704,20190704,73,164090073,121615223,26930,N,5,260,201909
20190704,20190704,73,164090073,123304600,26932,N,1,261,201909
20190704,20190704,73,164090073,125628402,26936,N,2,262,201909
20190704,20190704,73,164090073,125647476,26936,N,1,263,201909
20190704,20190704,73,164090073,125914039,26935,N,1,264,201909
20190704,20190704,73,164090073,131145910,26932,N,10,265,201909
20190704,20190704,73,164090073,133454839,26937,N,3,266,201909
20190704,20190704,73,164090073,140716929,26936,N,1,267,201909
20190704,20190704,73,164090073,150855842,26931,E,1,268,201909
20190704,20190703,73,164120073,163538869,26698,O,2,269,201912
20190704,20190703,73,164120073,004555929,26733,N,1,270,201912
20190704,20190703,73,164120073,020934098,26820,N,1,271,201912
20190704,20190703,73,164120073,051242818,26800,E,1,272,201912
20190704,20190704,73,164120073,092823572,26899,O,1,273,201912
20190704,20190704,73,164120073,092839627,26899,N,4,274,201912
20190704,20190704,73,164120073,123205000,26888,N,1,275,201912
20190704,20190704,73,164120073,151501009,26884,E,1,276,201912
20190704,20190703,73,165030073,234345006,26650,O,1,277,202003
20190705,20190704,73,164090073,181302755,26939,O,3,1,201909
20190705,20190704,73,164090073,181955965,26948,N,1,2,201909
20190705,20190704,73,164090073,183837038,26944,N,3,3,201909
20190705,20190704,73,164090073,185756869,26938,N,1,4,201909
20190705,20190704,73,164090073,195410414,26939,N,1,5,201909
20190705,20190704,73,164090073,200123243,26946,N,1,6,201909
20190705,20190704,73,164090073,200150248,26950,N,1,7,201909
20190705,20190704,73,164090073,200216522,26951,N,1,8,201909
20190705,20190704,73,164090073,200602802,26951,N,7,9,201909
20190705,20190704,73,164090073,201150903,26951,N,1,10,201909
20190705,20190704,73,164090073,202753291,26952,N,1,11,201909
20190705,20190704,73,164090073,204001938,26952,N,1,12,201909
20190705,20190704,73,164090073,204843697,26960,N,1,13,201909
20190705,20190704,73,164090073,205140696,26960,N,1,14,201909
20190705,20190704,73,164090073,205936375,26958,N,1,15,201909
20190705,20190704,73,164090073,205950944,26958,N,1,16,201909
20190705,20190704,73,164090073,210014762,26958,N,1,17,201909
20190705,20190704,73,164090073,210036815,26959,N,1,18,201909
20190705,20190704,73,164090073,210129556,26958,N,1,19,201909
20190705,20190704,73,164090073,210220425,26955,N,1,20,201909
20190705,20190704,73,164090073,210223021,26960,N,1,21,201909
20190705,20190704,73,164090073,210344125,26960,N,1,22,201909
20190705,20190704,73,164090073,210822922,26960,N,1,23,201909
20190705,20190704,73,164090073,212217848,26960,N,1,24,201909
20190705,20190704,73,164090073,212855679,26966,N,1,25,201909
20190705,20190704,73,164090073,212917844,26969,N,1,26,201909
20190705,20190704,73,164090073,213443348,26964,N,1,27,201909
20190705,20190704,73,164090073,213448647,26964,N,1,28,201909
20190705,20190704,73,164090073,213511693,26965,N,1,29,201909
20190705,20190704,73,164090073,213535038,26967,N,1,30,201909
20190705,20190704,73,164090073,213912113,26965,N,1,31,201909
20190705,20190704,73,164090073,214111533,26965,N,1,32,201909
20190705,20190704,73,164090073,214548740,26968,N,4,33,201909
20190705,20190704,73,164090073,214751873,26968,N,11,34,201909
20190705,20190704,73,164090073,214835164,26968,N,1,35,201909
20190705,20190704,73,164090073,214854323,26968,N,1,36,201909
20190705,20190704,73,164090073,214856073,26968,N,6,37,201909
20190705,20190704,73,164090073,215713167,26961,N,1,38,201909
20190705,20190704,73,164090073,220112713,26959,N,1,39,201909
20190705,20190704,73,164090073,220138222,26962,N,1,40,201909
20190705,20190704,73,164090073,220151285,26962,N,1,41,201909
20190705,20190704,73,164090073,220359935,26962,N,1,42,201909
20190705,20190704,73,164090073,220446359,26962,N,1,43,201909
20190705,20190704,73,164090073,221200414,26955,N,1,44,201909
20190705,20190704,73,164090073,224050359,26963,N,1,45,201909
20190705,20190704,73,164090073,225030879,26960,N,1,46,201909
20190705,20190704,73,164090073,233122574,26970,N,1,47,201909
20190705,20190704,73,164090073,001000322,26962,N,1,48,201909
20190705,20190704,73,164090073,003234830,26965,N,2,49,201909
20190705,20190704,73,164090073,011548765,26964,N,1,50,201909
20190705,20190704,73,164090073,011549135,26964,N,1,51,201909
20190705,20190704,73,164090073,012240975,26968,N,1,52,201909
20190705,20190704,73,164090073,015601080,26962,E,2,53,201909
20190705,20190705,73,164090073,084501050,26966,O,1,54,201909
20190705,20190705,73,164090073,085053370,26968,N,1,55,201909
20190705,20190705,73,164090073,090140346,26967,N,1,56,201909
20190705,20190705,73,164090073,090408422,26966,N,1,57,201909
20190705,20190705,73,164090073,092102753,26965,N,1,58,201909
20190705,20190705,73,164090073,092222997,26960,N,10,59,201909
20190705,20190705,73,164090073,092223116,26960,N,1,60,201909
20190705,20190705,73,164090073,092418924,26953,N,1,61,201909
20190705,20190705,73,164090073,093024012,26953,N,1,62,201909
20190705,20190705,73,164090073,093246170,26949,N,1,63,201909
20190705,20190705,73,164090073,093247176,26950,N,1,64,201909
20190705,20190705,73,164090073,093422211,26952,N,1,65,201909
20190705,20190705,73,164090073,093715505,26952,N,1,66,201909
20190705,20190705,73,164090073,100021579,26961,N,1,67,201909
20190705,20190705,73,164090073,100115596,26963,N,1,68,201909
20190705,20190705,73,164090073,100404659,26966,N,1,69,201909
20190705,20190705,73,164090073,100717859,26966,N,1,70,201909
20190705,20190705,73,164090073,100835661,26964,N,2,71,201909
20190705,20190705,73,164090073,101022004,26963,N,1,72,201909
20190705,20190705,73,164090073,101301727,26968,N,1,73,201909
20190705,20190705,73,164090073,102209190,26965,N,1,74,201909
20190705,20190705,73,164090073,102306643,26963,N,1,75,201909
20190705,20190705,73,164090073,103859272,26957,N,2,76,201909
20190705,20190705,73,164090073,104908132,26956,N,1,77,201909
20190705,20190705,73,164090073,105000884,26953,N,1,78,201909
20190705,20190705,73,164090073,105344933,26953,N,5,79,201909
20190705,20190705,73,164090073,105352221,26953,N,1,80,201909
20190705,20190705,73,164090073,105507739,26952,N,1,81,201909
20190705,20190705,73,164090073,105745338,26953,N,1,82,201909
20190705,20190705,73,164090073,110035569,26958,N,1,83,201909
20190705,20190705,73,164090073,113735387,26969,N,1,84,201909
20190705,20190705,73,164090073,114646928,26975,N,1,85,201909
20190705,20190705,73,164090073,114818183,26975,N,1,86,201909
20190705,20190705,73,164090073,121050708,26972,N,5,87,201909
20190705,20190705,73,164090073,121126549,26971,N,1,88,201909
20190705,20190705,73,164090073,121718688,26973,N,1,89,201909
20190705,20190705,73,164090073,122202463,26975,N,1,90,201909
20190705,20190705,73,164090073,122643452,26976,N,1,91,201909
20190705,20190705,73,164090073,122758363,26970,N,1,92,201909
20190705,20190705,73,164090073,124516591,26970,N,1,93,201909
20190705,20190705,73,164090073,131053700,26968,N,1,94,201909
20190705,20190705,73,164090073,132759712,26975,N,1,95,201909
20190705,20190705,73,164090073,133343784,26977,N,1,96,201909
20190705,20190705,73,164090073,133503506,26977,N,1,97,201909
20190705,20190705,73,164090073,133505735,26976,N,1,98,201909
20190705,20190705,73,164090073,133721168,26975,N,1,99,201909
20190705,20190705,73,164090073,134215833,26974,N,1,100,201909
20190705,20190705,73,164090073,134344527,26973,N,1,101,201909
20190705,20190705,73,164090073,135148081,26975,N,3,102,201909
20190705,20190705,73,164090073,141231782,26975,N,1,103,201909
20190705,20190705,73,164090073,141421107,26975,N,1,104,201909
20190705,20190705,73,164090073,141835498,26974,N,1,105,201909
20190705,20190705,73,164090073,143029187,26980,N,2,106,201909
20190705,20190705,73,164090073,143123568,26983,N,1,107,201909
20190705,20190705,73,164090073,143123569,26983,N,1,108,201909
20190705,20190705,73,164090073,143145093,26976,N,1,109,201909
20190705,20190705,73,164090073,143331431,26977,N,1,110,201909
20190705,20190705,73,164090073,143653508,26981,N,1,111,201909
20190705,20190705,73,164090073,143820096,26978,N,1,112,201909
20190705,20190705,73,164090073,144132664,26980,N,9,113,201909
20190705,20190705,73,164090073,144132665,26981,N,1,114,201909
20190705,20190705,73,164090073,144303108,26977,E,1,115,201909
20190705,20190705,73,164120073,120738002,26868,O,1,116,201912
20190705,20190705,73,164120073,130707798,26869,E,1,117,201912
20190708,20190705,73,164090073,163702491,26941,O,1,1,201909
20190708,20190705,73,164090073,163730931,26939,N,5,2,201909
20190708,20190705,73,164090073,164510895,26942,N,1,3,201909
20190708,20190705,73,164090073,165114124,26937,N,2,4,201909
20190708,20190705,73,164090073,165309365,26941,N,1,5,201909
20190708,20190705,73,164090073,165725518,26942,N,1,6,201909
20190708,20190705,73,164090073,170139295,26943,N,1,7,201909
20190708,20190705,73,164090073,171116045,26923,N,1,8,201909
20190708,20190705,73,164090073,171218997,26923,N,3,9,201909
20190708,20190705,73,164090073,171544447,26914,N,2,10,201909
20190708,20190705,73,164090073,171845112,26921,N,1,11,201909
20190708,20190705,73,164090073,172052174,26920,N,1,12,201909
20190708,20190705,73,164090073,173249090,26923,N,1,13,201909
20190708,20190705,73,164090073,173403474,26928,N,4,14,201909
20190708,20190705,73,164090073,174135235,26919,N,6,15,201909
20190708,20190705,73,164090073,174151093,26910,N,1,16,201909
20190708,20190705,73,164090073,174152187,26910,N,4,17,201909
20190708,20190705,73,164090073,174802309,26914,N,1,18,201909
20190708,20190705,73,164090073,174903218,26920,N,5,19,201909
20190708,20190705,73,164090073,174952468,26922,N,5,20,201909
20190708,20190705,73,164090073,175116024,26929,N,1,21,201909
20190708,20190705,73,164090073,175121654,26917,N,5,22,201909
20190708,20190705,73,164090073,175218819,26918,N,5,23,201909
20190708,20190705,73,164090073,175332566,26926,N,5,24,201909
20190708,20190705,73,164090073,175447955,26914,N,5,25,201909
20190708,20190705,73,164090073,175552536,26909,N,1,26,201909
20190708,20190705,73,164090073,175630139,26919,N,5,27,201909
20190708,20190705,73,164090073,180612496,26923,N,5,28,201909
20190708,20190705,73,164090073,181620498,26918,N,1,29,201909
20190708,20190705,73,164090073,182127740,26922,N,1,30,201909
20190708,20190705,73,164090073,182712263,26921,N,1,31,201909
20190708,20190705,73,164090073,182912930,26923,N,1,32,201909
20190708,20190705,73,164090073,185341996,26913,N,3,33,201909
20190708,20190705,73,164090073,192235753,26921,N,1,34,201909
20190708,20190705,73,164090073,192315304,26920,N,10,35,201909
20190708,20190705,73,164090073,194246747,26913,N,4,36,201909
20190708,20190705,73,164090073,194402098,26909,N,2,37,201909
20190708,20190705,73,164090073,194441419,26909,N,4,38,201909
20190708,20190705,73,164090073,194507080,26910,N,2,39,201909
20190708,20190705,73,164090073,195133637,26909,N,2,40,201909
20190708,20190705,73,164090073,203413234,26913,N,1,41,201909
20190708,20190705,73,164090073,204238644,26916,N,1,42,201909
20190708,20190705,73,164090073,205822516,26910,N,1,43,201909
20190708,20190705,73,164090073,205822516,26908,N,5,44,201909
20190708,20190705,73,164090073,210130095,26900,N,1,45,201909
20190708,20190705,73,164090073,210131246,26896,N,1,46,201909
20190708,20190705,73,164090073,211537995,26898,N,1,47,201909
20190708,20190705,73,164090073,211537995,26896,N,1,48,201909
20190708,20190705,73,164090073,211650303,26901,N,4,49,201909
20190708,20190705,73,164090073,211714965,26902,N,1,50,201909
20190708,20190705,73,164090073,211733509,26901,N,1,51,201909
20190708,20190705,73,164090073,211950787,26896,N,3,52,201909
20190708,20190705,73,164090073,212255908,26890,N,1,53,201909
20190708,20190705,73,164090073,212255909,26890,N,2,54,201909
20190708,20190705,73,164090073,213010986,26890,N,2,55,201909
20190708,20190705,73,164090073,213047791,26884,N,1,56,201909
20190708,20190705,73,164090073,213056499,26885,N,10,57,201909
20190708,20190705,73,164090073,213108553,26888,N,1,58,201909
20190708,20190705,73,164090073,213136893,26910,N,1,59,201909
20190708,20190705,73,164090073,213144658,26919,N,9,60,201909
20190708,20190705,73,164090073,213145197,26920,N,1,61,201909
20190708,20190705,73,164090073,213150364,26920,N,9,62,201909
20190708,20190705,73,164090073,213211791,26923,N,10,63,201909
20190708,20190705,73,164090073,213233104,26916,N,1,64,201909
20190708,20190705,73,164090073,213239193,26905,N,10,65,201909
20190708,20190705,73,164090073,213353705,26876,N,10,66,201909
20190708,20190705,73,164090073,213403806,26874,N,10,67,201909
20190708,20190705,73,164090073,213430179,26883,N,1,68,201909
20190708,20190705,73,164090073,213434458,26885,N,1,69,201909
20190708,20190705,73,164090073,213443078,26882,N,11,70,201909
20190708,20190705,73,164090073,213449259,26876,N,1,71,201909
20190708,20190705,73,164090073,213507281,26880,N,1,72,201909
20190708,20190705,73,164090073,213521688,26883,N,10,73,201909
20190708,20190705,73,164090073,214005464,26880,N,5,74,201909
20190708,20190705,73,164090073,214138930,26870,N,1,75,201909
20190708,20190705,73,164090073,214154723,26870,N,5,76,201909
20190708,20190705,73,164090073,214158718,26864,N,4,77,201909
20190708,20190705,73,164090073,214238874,26860,N,1,78,201909
20190708,20190705,73,164090073,214256186,26850,N,1,79,201909
20190708,20190705,73,164090073,214335708,26840,N,1,80,201909
20190708,20190705,73,164090073,214607928,26851,N,2,81,201909
20190708,20190705,73,164090073,214627548,26852,N,3,82,201909
20190708,20190705,73,164090073,214904215,26864,N,1,83,201909
20190708,20190705,73,164090073,214923373,26862,N,1,84,201909
20190708,20190705,73,164090073,215025033,26862,N,1,85,201909
20190708,20190705,73,164090073,215210523,26857,N,1,86,201909
20190708,20190705,73,164090073,215425400,26850,N,1,87,201909
20190708,20190705,73,164090073,215603216,26840,N,1,88,201909
20190708,20190705,73,164090073,215631979,26847,N,1,89,201909
20190708,20190705,73,164090073,215644121,26849,N,1,90,201909
20190708,20190705,73,164090073,220332229,26845,N,1,91,201909
20190708,20190705,73,164090073,220545925,26844,N,1,92,201909
20190708,20190705,73,164090073,221037792,26830,N,1,93,201909
20190708,20190705,73,164090073,221037997,26823,N,1,94,201909
20190708,20190705,73,164090073,221328370,26835,N,1,95,201909
20190708,20190705,73,164090073,221929936,26853,N,3,96,201909
20190708,20190705,73,164090073,222428783,26841,N,1,97,201909
20190708,20190705,73,164090073,222738210,26850,N,1,98,201909
20190708,20190705,73,164090073,223001020,26844,N,1,99,201909
20190708,20190705,73,164090073,223442004,26832,N,2,100,201909
20190708,20190705,73,164090073,223444734,26831,N,1,101,201909
20190708,20190705,73,164090073,223447373,26824,N,10,102,201909
20190708,20190705,73,164090073,223535853,26820,N,1,103,201909
20190708,20190705,73,164090073,223537313,26811,N,4,104,201909
20190708,20190705,73,164090073,223543724,26824,N,1,105,201909
20190708,20190705,73,164090073,223544206,26833,N,4,106,201909
20190708,20190705,73,164090073,223609705,26820,N,1,107,201909
20190708,20190705,73,164090073,223622619,26814,N,1,108,201909
20190708,20190705,73,164090073,223642530,26806,N,2,109,201909
20190708,20190705,73,164090073,223642531,26806,N,1,110,201909
20190708,20190705,73,164090073,223736842,26817,N,1,111,201909
20190708,20190705,73,164090073,223811913,26811,N,1,112,201909
20190708,20190705,73,164090073,223836669,26814,N,1,113,201909
20190708,20190705,73,164090073,224000347,26820,N,1,114,201909
20190708,20190705,73,164090073,224149506,26819,N,2,115,201909
20190708,20190705,73,164090073,224341217,26808,N,1,116,201909
20190708,20190705,73,164090073,224450583,26803,N,1,117,201909
20190708,20190705,73,164090073,224501677,26800,N,1,118,201909
20190708,20190705,73,164090073,224558157,26801,N,2,119,201909
20190708,20190705,73,164090073,224559452,26804,N,2,120,201909
20190708,20190705,73,164090073,224604808,26810,N,30,121,201909
20190708,20190705,73,164090073,224733182,26819,N,4,122,201909
20190708,20190705,73,164090073,224827457,26824,N,2,123,201909
20190708,20190705,73,164090073,224834133,26823,N,2,124,201909
20190708,20190705,73,164090073,224932221,26825,N,1,125,201909
20190708,20190705,73,164090073,225137707,26820,N,4,126,201909
20190708,20190705,73,164090073,225207053,26811,N,1,127,201909
20190708,20190705,73,164090073,225238743,26813,N,1,128,201909
20190708,20190705,73,164090073,225518721,26813,N,2,129,201909
20190708,20190705,73,164090073,225949093,26795,N,1,130,201909
20190708,20190705,73,164090073,225950279,26789,N,4,131,201909
20190708,20190705,73,164090073,230054696,26796,N,1,132,201909
20190708,20190705,73,164090073,230133960,26789,N,1,133,201909
20190708,20190705,73,164090073,230148651,26786,N,2,134,201909
20190708,20190705,73,164090073,230221399,26784,N,1,135,201909
20190708,20190705,73,164090073,230247254,26795,N,1,136,201909
20190708,20190705,73,164090073,230344735,26800,N,1,137,201909
20190708,20190705,73,164090073,230428870,26810,N,1,138,201909
20190708,20190705,73,164090073,230759560,26810,N,4,139,201909
20190708,20190705,73,164090073,230806920,26828,N,10,140,201909
20190708,20190705,73,164090073,230808306,26819,N,4,141,201909
20190708,20190705,73,164090073,231107408,26815,N,1,142,201909
20190708,20190705,73,164090073,231242600,26802,N,1,143,201909
20190708,20190705,73,164090073,231407885,26811,N,1,144,201909
20190708,20190705,73,164090073,232206781,26785,N,1,145,201909
20190708,20190705,73,164090073,232216630,26790,N,1,146,201909
20190708,20190705,73,164090073,232241935,26782,N,1,147,201909
20190708,20190705,73,164090073,232255132,26781,N,1,148,201909
20190708,20190705,73,164090073,232450038,26786,N,1,149,201909
20190708,20190705,73,164090073,232503415,26775,N,2,150,201909
20190708,20190705,73,164090073,232700073,26765,N,2,151,201909
20190708,20190705,73,164090073,232719413,26771,N,1,152,201909
20190708,20190705,73,164090073,233110830,26768,N,1,153,201909
20190708,20190705,73,164090073,233146531,26763,N,1,154,201909
20190708,20190705,73,164090073,233158310,26767,N,2,155,201909
20190708,20190705,73,164090073,233217490,26769,N,2,156,201909
20190708,20190705,73,164090073,233220444,26770,N,2,157,201909
20190708,20190705,73,164090073,233432693,26756,N,1,158,201909
20190708,20190705,73,164090073,233433268,26756,N,2,159,201909
20190708,20190705,73,164090073,233513092,26753,N,6,160,201909
20190708,20190705,73,164090073,233532484,26751,N,1,161,201909
20190708,20190705,73,164090073,233537310,26753,N,1,162,201909
20190708,20190705,73,164090073,233628091,26750,N,2,163,201909
20190708,20190705,73,164090073,233640758,26743,N,1,164,201909
20190708,20190705,73,164090073,233640758,26740,N,3,165,201909
20190708,20190705,73,164090073,233640759,26740,N,2,166,201909
20190708,20190705,73,164090073,233928107,26749,N,1,167,201909
20190708,20190705,73,164090073,234100459,26731,N,2,168,201909
20190708,20190705,73,164090073,234113783,26732,N,1,169,201909
20190708,20190705,73,164090073,234149264,26735,N,11,170,201909
20190708,20190705,73,164090073,234154329,26735,N,1,171,201909
20190708,20190705,73,164090073,234336300,26737,N,1,172,201909
20190708,20190705,73,164090073,234419050,26721,N,2,173,201909
20190708,20190705,73,164090073,234552950,26707,N,1,174,201909
20190708,20190705,73,164090073,234634929,26720,N,1,175,201909
20190708,20190705,73,164090073,234637328,26721,N,1,176,201909
20190708,20190705,73,164090073,234649624,26730,N,4,177,201909
20190708,20190705,73,164090073,234811940,26749,N,1,178,201909
20190708,20190705,73,164090073,234813268,26749,N,1,179,201909
20190708,20190705,73,164090073,235201228,26750,N,1,180,201909
20190708,20190705,73,164090073,235204718,26750,N,4,181,201909
20190708,20190705,73,164090073,235301420,26761,N,4,182,201909
20190708,20190705,73,164090073,235316930,26761,N,2,183,201909
20190708,20190705,73,164090073,235417397,26751,N,5,184,201909
20190708,20190705,73,164090073,235714101,26751,N,1,185,201909
20190708,20190705,73,164090073,235757189,26742,N,4,186,201909
20190708,20190705,73,164090073,000027811,26769,N,4,187,201909
20190708,20190705,73,164090073,000100311,26770,N,3,188,201909
20190708,20190705,73,164090073,000141042,26756,N,1,189,201909
20190708,20190705,73,164090073,000215832,26754,N,1,190,201909
20190708,20190705,73,164090073,000229792,26757,N,1,191,201909
20190708,20190705,73,164090073,000544466,26768,N,1,192,201909
20190708,20190705,73,164090073,000607472,26769,N,1,193,201909
20190708,20190705,73,164090073,000632803,26764,N,1,194,201909
20190708,20190705,73,164090073,000924459,26779,N,8,195,201909
20190708,20190705,73,164090073,000938009,26777,N,1,196,201909
20190708,20190705,73,164090073,000941678,26781,N,10,197,201909
20190708,20190705,73,164090073,001112629,26782,N,11,198,201909
20190708,20190705,73,164090073,001126905,26781,N,2,199,201909
20190708,20190705,73,164090073,001131522,26780,N,1,200,201909
20190708,20190705,73,164090073,001134433,26776,N,2,201,201909
20190708,20190705,73,164090073,001139572,26785,N,2,202,201909
20190708,20190705,73,164090073,001157463,26782,N,1,203,201909
20190708,20190705,73,164090073,001233635,26782,N,1,204,201909
20190708,20190705,73,164090073,001314746,26782,N,1,205,201909
20190708,20190705,73,164090073,001336858,26791,N,1,206,201909
20190708,20190705,73,164090073,001402538,26797,N,1,207,201909
20190708,20190705,73,164090073,001701518,26805,N,1,208,201909
20190708,20190705,73,164090073,001702500,26805,N,1,209,201909
20190708,20190705,73,164090073,001831795,26797,N,1,210,201909
20190708,20190705,73,164090073,001850858,26795,N,1,211,201909
20190708,20190705,73,164090073,002257508,26793,N,10,212,201909
20190708,20190705,73,164090073,002321406,26791,N,10,213,201909
20190708,20190705,73,164090073,002510990,26798,N,1,214,201909
20190708,20190705,73,164090073,002703436,26802,N,2,215,201909
20190708,20190705,73,164090073,002918746,26810,N,1,216,201909
20190708,20190705,73,164090073,002933085,26810,N,10,217,201909
20190708,20190705,73,164090073,003005996,26809,N,10,218,201909
20190708,20190705,73,164090073,003328516,26823,N,1,219,201909
20190708,20190705,73,164090073,004033435,26827,N,1,220,201909
20190708,20190705,73,164090073,004140620,26812,N,1,221,201909
20190708,20190705,73,164090073,004444814,26806,N,1,222,201909
20190708,20190705,73,164090073,004627688,26805,N,2,223,201909
