Trade_Date,Make_Date,Index_Type,Security_Code,Time,Trade_Price,Price_Type,Trade_Volume,No,Contract_Month
20190301,20190228,73,164030073,163001046,25902,O,18,1,201903
20190301,20190228,73,164030073,163138720,25887,N,1,2,201903
20190301,20190228,73,164030073,163302084,25890,N,5,3,201903
20190301,20190228,73,164030073,163310247,25888,N,1,4,201903
20190301,20190228,73,164030073,163331058,25888,N,1,5,201903
20190301,20190228,73,164030073,163337309,25888,N,1,6,201903
20190301,20190228,73,164030073,163338191,25895,N,4,7,201903
20190301,20190228,73,164030073,163519014,25886,N,2,8,201903
20190301,20190228,73,164030073,163525343,25892,N,1,9,201903
20190301,20190228,73,164030073,163559906,25895,N,1,10,201903
20190301,20190228,73,164030073,163757764,25896,N,1,11,201903
20190301,20190228,73,164030073,164036071,25899,N,1,12,201903
20190301,20190228,73,164030073,164045611,25900,N,3,13,201903
20190301,20190228,73,164030073,164208059,25909,N,1,14,201903
20190301,20190228,73,164030073,164252430,25905,N,1,15,201903
20190301,20190228,73,164030073,164437658,25905,N,1,16,201903
20190301,20190228,73,164030073,164444169,25900,N,1,17,201903
20190301,20190228,73,164030073,165037992,25898,N,10,18,201903
20190301,20190228,73,164030073,165037992,25897,N,10,19,201903
20190301,20190228,73,164030073,165319525,25893,N,1,20,201903
20190301,20190228,73,164030073,165347531,25893,N,1,21,201903
20190301,20190228,73,164030073,165614462,25889,N,1,22,201903
20190301,20190228,73,164030073,165629861,25890,N,1,23,201903
20190301,20190228,73,164030073,170140883,25900,N,4,24,201903
20190301,20190228,73,164030073,170202472,25901,N,3,25,201903
20190301,20190228,73,164030073,170813914,25886,N,1,26,201903
20190301,20190228,73,164030073,170818680,25889,N,1,27,201903
20190301,20190228,73,164030073,170828964,25890,N,2,28,201903
20190301,20190228,73,164030073,171119746,25900,N,10,29,201903
20190301,20190228,73,164030073,171210006,25899,N,2,30,201903
20190301,20190228,73,164030073,171452538,25900,N,11,31,201903
20190301,20190228,73,164030073,171514743,25898,N,1,32,201903
20190301,20190228,73,164030073,171943051,25910,N,6,33,201903
20190301,20190228,73,164030073,172200612,25911,N,1,34,201903
20190301,20190228,73,164030073,172324954,25915,N,1,35,201903
20190301,20190228,73,164030073,173024884,25911,N,1,36,201903
20190301,20190228,73,164030073,173117299,25912,N,3,37,201903
20190301,20190228,73,164030073,174255966,25930,N,1,38,201903
20190301,20190228,73,164030073,174351297,25932,N,1,39,201903
20190301,20190228,73,164030073,174351298,25932,N,1,40,201903
20190301,20190228,73,164030073,174356488,25932,N,7,41,201903
20190301,20190228,73,164030073,174358662,25932,N,1,42,201903
20190301,20190228,73,164030073,175107796,25928,N,8,43,201903
20190301,20190228,73,164030073,175719140,25937,N,4,44,201903
20190301,20190228,73,164030073,180249444,25933,N,1,45,201903
20190301,20190228,73,164030073,180342058,25931,N,1,46,201903
20190301,20190228,73,164030073,180435517,25933,N,1,47,201903
20190301,20190228,73,164030073,180606638,25926,N,1,48,201903
20190301,20190228,73,164030073,181221179,25940,N,2,49,201903
20190301,20190228,73,164030073,183644256,25929,N,1,50,201903
20190301,20190228,73,164030073,184155610,25947,N,2,51,201903
20190301,20190228,73,164030073,184155689,25948,N,1,52,201903
20190301,20190228,73,164030073,184251264,25946,N,1,53,201903
20190301,20190228,73,164030073,184406610,25952,N,3,54,201903
20190301,20190228,73,164030073,184657195,25945,N,1,55,201903
20190301,20190228,73,164030073,185236710,25953,N,1,56,201903
20190301,20190228,73,164030073,185832957,25940,N,30,57,201903
20190301,20190228,73,164030073,185918028,25941,N,1,58,201903
20190301,20190228,73,164030073,191542208,25933,N,1,59,201903
20190301,20190228,73,164030073,192340621,25935,N,1,60,201903
20190301,20190228,73,164030073,192528353,25940,N,1,61,201903
20190301,20190228,73,164030073,192915059,25940,N,1,62,201903
20190301,20190228,73,164030073,193227613,25941,N,5,63,201903
20190301,20190228,73,164030073,193911997,25940,N,1,64,201903
20190301,20190228,73,164030073,194226288,25942,N,1,65,201903
20190301,20190228,73,164030073,194302978,25944,N,1,66,201903
20190301,20190228,73,164030073,194331177,25944,N,9,67,201903
20190301,20190228,73,164030073,194702002,25945,N,10,68,201903
20190301,20190228,73,164030073,195004442,25942,N,1,69,201903
20190301,20190228,73,164030073,200011945,25939,N,1,70,201903
20190301,20190228,73,164030073,200343893,25939,N,1,71,201903
20190301,20190228,73,164030073,201044686,25939,N,1,72,201903
20190301,20190228,73,164030073,201329264,25937,N,1,73,201903
20190301,20190228,73,164030073,201552688,25944,N,2,74,201903
20190301,20190228,73,164030073,201611724,25948,N,10,75,201903
20190301,20190228,73,164030073,201757109,25955,N,1,76,201903
20190301,20190228,73,164030073,201757110,25962,N,1,77,201903
20190301,20190228,73,164030073,201954077,25955,N,1,78,201903
20190301,20190228,73,164030073,203830496,25944,N,2,79,201903
20190301,20190228,73,164030073,203831251,25944,N,8,80,201903
20190301,20190228,73,164030073,204330922,25950,N,10,81,201903
20190301,20190228,73,164030073,204905973,25950,N,5,82,201903
20190301,20190228,73,164030073,205016338,25947,N,3,83,201903
20190301,20190228,73,164030073,205019620,25948,N,3,84,201903
20190301,20190228,73,164030073,205024377,25949,N,3,85,201903
20190301,20190228,73,164030073,205050414,25947,N,1,86,201903
20190301,20190228,73,164030073,205748722,25950,N,1,87,201903
20190301,20190228,73,164030073,205931982,25959,N,1,88,201903
20190301,20190228,73,164030073,210154265,25952,N,1,89,201903
20190301,20190228,73,164030073,210231069,25953,N,3,90,201903
20190301,20190228,73,164030073,210739580,25950,N,10,91,201903
20190301,20190228,73,164030073,210814818,25944,N,1,92,201903
20190301,20190228,73,164030073,212441948,25961,N,1,93,201903
20190301,20190228,73,164030073,212449086,25962,N,1,94,201903
20190301,20190228,73,164030073,212541426,25963,N,1,95,201903
20190301,20190228,73,164030073,212552055,25964,N,1,96,201903
20190301,20190228,73,164030073,212608705,25964,N,1,97,201903
20190301,20190228,73,164030073,213534300,25959,N,1,98,201903
20190301,20190228,73,164030073,213840107,25973,N,3,99,201903
20190301,20190228,73,164030073,213842455,25984,N,10,100,201903
20190301,20190228,73,164030073,213842456,25992,N,1,101,201903
20190301,20190228,73,164030073,213845944,25978,N,3,102,201903
20190301,20190228,73,164030073,213849929,25979,N,3,103,201903
20190301,20190228,73,164030073,213907835,25990,N,1,104,201903
20190301,20190228,73,164030073,213927558,25979,N,3,105,201903
20190301,20190228,73,164030073,213932065,25979,N,3,106,201903
20190301,20190228,73,164030073,213934942,25978,N,1,107,201903
20190301,20190228,73,164030073,214126095,25981,N,1,108,201903
20190301,20190228,73,164030073,214150413,25978,N,1,109,201903
20190301,20190228,73,164030073,214923590,25980,N,1,110,201903
20190301,20190228,73,164030073,215018057,25978,N,1,111,201903
20190301,20190228,73,164030073,215225103,25978,N,5,112,201903
20190301,20190228,73,164030073,220051156,25984,N,1,113,201903
20190301,20190228,73,164030073,220051158,25991,N,1,114,201903
20190301,20190228,73,164030073,220207568,25979,N,2,115,201903
20190301,20190228,73,164030073,220604299,25977,N,1,116,201903
20190301,20190228,73,164030073,220813838,25983,N,1,117,201903
20190301,20190228,73,164030073,220930591,25974,N,1,118,201903
20190301,20190228,73,164030073,222228049,25965,N,5,119,201903
20190301,20190228,73,164030073,222403164,25963,N,3,120,201903
20190301,20190228,73,164030073,222745347,25973,N,1,121,201903
20190301,20190228,73,164030073,222748072,25973,N,1,122,201903
20190301,20190228,73,164030073,223002630,25990,N,1,123,201903
20190301,20190228,73,164030073,223003980,25997,N,1,124,201903
20190301,20190228,73,164030073,223004430,25999,N,1,125,201903
20190301,20190228,73,164030073,223005432,25999,N,2,126,201903
20190301,20190228,73,164030073,223005530,26000,N,3,127,201903
20190301,20190228,73,164030073,223005531,26020,N,1,128,201903
20190301,20190228,73,164030073,223034106,26010,N,1,129,201903
20190301,20190228,73,164030073,223101543,25951,N,1,130,201903
20190301,20190228,73,164030073,223553833,25981,N,1,131,201903
20190301,20190228,73,164030073,224124376,26008,N,1,132,201903
20190301,20190228,73,164030073,224130682,26006,N,1,133,201903
20190301,20190228,73,164030073,224357991,26000,N,4,134,201903
20190301,20190228,73,164030073,224702727,25988,N,5,135,201903
20190301,20190228,73,164030073,224822006,25986,N,1,136,201903
20190301,20190228,73,164030073,224948679,25980,N,1,137,201903
20190301,20190228,73,164030073,225000732,25980,N,9,138,201903
20190301,20190228,73,164030073,225719492,25974,N,3,139,201903
20190301,20190228,73,164030073,230219753,25974,N,2,140,201903
20190301,20190228,73,164030073,230219753,25972,N,8,141,201903
20190301,20190228,73,164030073,231549106,25979,N,1,142,201903
20190301,20190228,73,164030073,231649171,25973,N,1,143,201903
20190301,20190228,73,164030073,231754526,25965,N,1,144,201903
20190301,20190228,73,164030073,232507020,25973,N,1,145,201903
20190301,20190228,73,164030073,232627371,25973,N,1,146,201903
20190301,20190228,73,164030073,233314984,25970,N,10,147,201903
20190301,20190228,73,164030073,233400418,25974,N,1,148,201903
20190301,20190228,73,164030073,233723743,25954,N,1,149,201903
20190301,20190228,73,164030073,233846110,25952,N,1,150,201903
20190301,20190228,73,164030073,233857978,25948,N,3,151,201903
20190301,20190228,73,164030073,234052943,25971,N,9,152,201903
20190301,20190228,73,164030073,234210290,25975,N,10,153,201903
20190301,20190228,73,164030073,234345439,25974,N,1,154,201903
20190301,20190228,73,164030073,234454258,25981,N,1,155,201903
20190301,20190228,73,164030073,234455353,25984,N,1,156,201903
20190301,20190228,73,164030073,234511915,25991,N,2,157,201903
20190301,20190228,73,164030073,234538329,25998,N,3,158,201903
20190301,20190228,73,164030073,234550657,26005,N,1,159,201903
20190301,20190228,73,164030073,234602425,26003,N,2,160,201903
20190301,20190228,73,164030073,234712981,26023,N,13,161,201903
20190301,20190228,73,164030073,234750969,26011,N,1,162,201903
20190301,20190228,73,164030073,234812767,26003,N,1,163,201903
20190301,20190228,73,164030073,234916445,26000,N,1,164,201903
20190301,20190228,73,164030073,234922118,26000,N,1,165,201903
20190301,20190228,73,164030073,235303062,26001,N,1,166,201903
20190301,20190228,73,164030073,235315141,26000,N,4,167,201903
20190301,20190228,73,164030073,000211070,25981,N,4,168,201903
20190301,20190228,73,164030073,000211070,25981,N,11,169,201903
20190301,20190228,73,164030073,000220451,25982,N,1,170,201903
20190301,20190228,73,164030073,000329695,25981,N,1,171,201903
20190301,20190228,73,164030073,000623239,25948,N,4,172,201903
20190301,20190228,73,164030073,000711453,25950,N,1,173,201903
20190301,20190228,73,164030073,000719670,25949,N,3,174,201903
20190301,20190228,73,164030073,000739672,25953,N,1,175,201903
20190301,20190228,73,164030073,000741402,25955,N,1,176,201903
20190301,20190228,73,164030073,000850579,25951,N,3,177,201903
20190301,20190228,73,164030073,000856858,25950,N,1,178,201903
20190301,20190228,73,164030073,000915441,25944,N,11,179,201903
20190301,20190228,73,164030073,000927434,25949,N,2,180,201903
20190301,20190228,73,164030073,000938426,25953,N,3,181,201903
20190301,20190228,73,164030073,000954159,25948,N,6,182,201903
20190301,20190228,73,164030073,001008188,25946,N,3,183,201903
20190301,20190228,73,164030073,001014571,25946,N,1,184,201903
20190301,20190228,73,164030073,001025515,25946,N,4,185,201903
20190301,20190228,73,164030073,001252184,25949,N,2,186,201903
20190301,20190228,73,164030073,001305707,25950,N,10,187,201903
20190301,20190228,73,164030073,001410180,25971,N,2,188,201903
20190301,20190228,73,164030073,001454831,25954,N,1,189,201903
20190301,20190228,73,164030073,001644563,25950,N,1,190,201903
20190301,20190228,73,164030073,001727727,25960,N,1,191,201903
20190301,20190228,73,164030073,001736145,25961,N,1,192,201903
20190301,20190228,73,164030073,001758596,25962,N,1,193,201903
20190301,20190228,73,164030073,001758746,25963,N,1,194,201903
20190301,20190228,73,164030073,001759787,25964,N,1,195,201903
20190301,20190228,73,164030073,001926853,25954,N,1,196,201903
20190301,20190228,73,164030073,002359800,25937,N,2,197,201903
20190301,20190228,73,164030073,002430812,25939,N,1,198,201903
20190301,20190228,73,164030073,002430812,25942,N,3,199,201903
20190301,20190228,73,164030073,002442308,25943,N,1,200,201903
20190301,20190228,73,164030073,002456337,25938,N,1,201,201903
20190301,20190228,73,164030073,002504892,25934,N,1,202,201903
20190301,20190228,73,164030073,002512903,25934,N,1,203,201903
20190301,20190228,73,164030073,002522368,25936,N,2,204,201903
20190301,20190228,73,164030073,002542011,25936,N,2,205,201903
20190301,20190228,73,164030073,002553520,25941,N,1,206,201903
20190301,20190228,73,164030073,002614806,25944,N,5,207,201903
20190301,20190228,73,164030073,002626436,25932,N,1,208,201903
20190301,20190228,73,164030073,002635746,25930,N,1,209,201903
20190301,20190228,73,164030073,002654874,25931,N,3,210,201903
20190301,20190228,73,164030073,002705927,25921,N,2,211,201903
20190301,20190228,73,164030073,002707158,25918,N,1,212,201903
20190301,20190228,73,164030073,002716265,25922,N,1,213,201903
20190301,20190228,73,164030073,002721590,25925,N,2,214,201903
20190301,20190228,73,164030073,002726553,25929,N,2,215,201903
20190301,20190228,73,164030073,002751534,25930,N,1,216,201903
20190301,20190228,73,164030073,002755032,25924,N,1,217,201903
20190301,20190228,73,164030073,002941612,25958,N,3,218,201903
20190301,20190228,73,164030073,003019120,25964,N,5,219,201903
20190301,20190228,73,164030073,003021865,25967,N,1,220,201903
20190301,20190228,73,164030073,003029264,25964,N,3,221,201903
20190301,20190228,73,164030073,003031969,25968,N,3,222,201903
20190301,20190228,73,164030073,003039407,25964,N,3,223,201903
20190301,20190228,73,164030073,003102004,25965,N,2,224,201903
20190301,20190228,73,164030073,003127947,25965,N,1,225,201903
20190301,20190228,73,164030073,003127949,25966,N,3,226,201903
20190301,20190228,73,164030073,003232704,25965,N,1,227,201903
20190301,20190228,73,164030073,003232917,25967,N,1,228,201903
20190301,20190228,73,164030073,003339343,25974,N,2,229,201903
20190301,20190228,73,164030073,003426119,25976,N,2,230,201903
20190301,20190228,73,164030073,003431074,25976,N,2,231,201903
20190301,20190228,73,164030073,003432482,25975,N,2,232,201903
20190301,20190228,73,164030073,003453649,25969,N,1,233,201903
20190301,20190228,73,164030073,003536010,25980,N,3,234,201903
20190301,20190228,73,164030073,003539943,25981,N,3,235,201903
20190301,20190228,73,164030073,003604201,25981,N,2,236,201903
20190301,20190228,73,164030073,003606781,25980,N,2,237,201903
20190301,20190228,73,164030073,003710329,25976,N,1,238,201903
20190301,20190228,73,164030073,003751289,25974,N,1,239,201903
20190301,20190228,73,164030073,004014279,25970,N,12,240,201903
20190301,20190228,73,164030073,004201924,25954,N,1,241,201903
20190301,20190228,73,164030073,004226502,25967,N,1,242,201903
20190301,20190228,73,164030073,004254070,25957,N,1,243,201903
20190301,20190228,73,164030073,004419716,25955,N,4,244,201903
20190301,20190228,73,164030073,004448424,25949,N,1,245,201903
20190301,20190228,73,164030073,004506890,25949,N,5,246,201903
20190301,20190228,73,164030073,004535659,25948,N,5,247,201903
20190301,20190228,73,164030073,004543906,25950,N,2,248,201903
20190301,20190228,73,164030073,004609656,25945,N,1,249,201903
20190301,20190228,73,164030073,004616383,25951,N,1,250,201903
20190301,20190228,73,164030073,004647548,25945,N,3,251,201903
20190301,20190228,73,164030073,004658706,25940,N,3,252,201903
20190301,20190228,73,164030073,004705868,25949,N,1,253,201903
20190301,20190228,73,164030073,004711161,25949,N,1,254,201903
20190301,20190228,73,164030073,004716785,25949,N,3,255,201903
20190301,20190228,73,164030073,004733676,25949,N,1,256,201903
20190301,20190228,73,164030073,004746719,25947,N,1,257,201903
20190301,20190228,73,164030073,004800369,25943,N,4,258,201903
20190301,20190228,73,164030073,004810371,25942,N,1,259,201903
20190301,20190228,73,164030073,004816593,25945,N,1,260,201903
20190301,20190228,73,164030073,005054490,25925,N,1,261,201903
20190301,20190228,73,164030073,010203013,25931,N,1,262,201903
20190301,20190228,73,164030073,010212731,25935,N,1,263,201903
20190301,20190228,73,164030073,010824579,25917,N,1,264,201903
20190301,20190228,73,164030073,011535432,25926,N,1,265,201903
20190301,20190228,73,164030073,011946643,25942,N,1,266,201903
20190301,20190228,73,164030073,013618964,25954,N,5,267,201903
20190301,20190228,73,164030073,013930653,25964,N,1,268,201903
20190301,20190228,73,164030073,015126779,25953,N,1,269,201903
20190301,20190228,73,164030073,015213480,25955,N,1,270,201903
20190301,20190228,73,164030073,015654868,25965,N,1,271,201903
20190301,20190228,73,164030073,021003278,25939,N,1,272,201903
20190301,20190228,73,164030073,022233906,25970,N,1,273,201903
20190301,20190228,73,164030073,025147480,25956,N,2,274,201903
20190301,20190228,73,164030073,030533261,25964,N,1,275,201903
20190301,20190228,73,164030073,031139229,25948,N,1,276,201903
20190301,20190228,73,164030073,032258987,25949,N,10,277,201903
20190301,20190228,73,164030073,040639127,25949,N,1,278,201903
20190301,20190228,73,164030073,043119264,25954,N,3,279,201903
20190301,20190228,73,164030073,043125213,25952,N,3,280,201903
20190301,20190228,73,164030073,043126658,25946,N,3,281,201903
20190301,20190228,73,164030073,043433155,25927,N,1,282,201903
20190301,20190228,73,164030073,044330733,25929,N,2,283,201903
20190301,20190228,73,164030073,044828352,25918,N,1,284,201903
20190301,20190228,73,164030073,044941813,25917,N,1,285,201903
20190301,20190228,73,164030073,045514128,25912,N,1,286,201903
20190301,20190228,73,164030073,050143086,25925,N,2,287,201903
20190301,20190228,73,164030073,050833499,25925,E,1,288,201903
20190301,20190301,73,164030073,084501051,25912,O,3,289,201903
20190301,20190301,73,164030073,084704055,25915,N,1,290,201903
20190301,20190301,73,164030073,085015492,25918,N,1,291,201903
20190301,20190301,73,164030073,085040378,25918,N,9,292,201903
20190301,20190301,73,164030073,085040378,25919,N,21,293,201903
20190301,20190301,73,164030073,085412483,25912,N,1,294,201903
20190301,20190301,73,164030073,085900370,25909,N,6,295,201903
20190301,20190301,73,164030073,090545508,25934,N,1,296,201903
20190301,20190301,73,164030073,090902919,25920,N,1,297,201903
20190301,20190301,73,164030073,092919136,25928,N,1,298,201903
20190301,20190301,73,164030073,093849690,25932,N,5,299,201903
20190301,20190301,73,164030073,094057584,25924,N,1,300,201903
20190301,20190301,73,164030073,094735597,25938,N,1,301,201903
20190301,20190301,73,164030073,095910532,25933,N,11,302,201903
20190301,20190301,73,164030073,101345452,25969,N,1,303,201903
20190301,20190301,73,164030073,101426689,25970,N,6,304,201903
20190301,20190301,73,164030073,101715311,25965,N,9,305,201903
20190301,20190301,73,164030073,102005838,25957,N,6,306,201903
20190301,20190301,73,164030073,102347103,25963,N,2,307,201903
20190301,20190301,73,164030073,102618928,25959,N,2,308,201903
20190301,20190301,73,164030073,103105778,25960,N,1,309,201903
20190301,20190301,73,164030073,103256530,25951,N,1,310,201903
20190301,20190301,73,164030073,103419002,25952,N,1,311,201903
20190301,20190301,73,164030073,103425338,25952,N,1,312,201903
20190301,20190301,73,164030073,104500111,25965,N,10,313,201903
20190301,20190301,73,164030073,104501533,25988,N,1,314,201903
20190301,20190301,73,164030073,104501539,25994,N,11,315,201903
20190301,20190301,73,164030073,105535376,25962,N,1,316,201903
20190301,20190301,73,164030073,105723346,25956,N,1,317,201903
20190301,20190301,73,164030073,110749583,25957,N,2,318,201903
20190301,20190301,73,164030073,110805146,25957,N,2,319,201903
20190301,20190301,73,164030073,111054392,25963,N,1,320,201903
20190301,20190301,73,164030073,111247229,25966,N,1,321,201903
20190301,20190301,73,164030073,113416628,25978,N,11,322,201903
20190301,20190301,73,164030073,113505609,25970,N,1,323,201903
20190301,20190301,73,164030073,113907139,25967,N,4,324,201903
20190301,20190301,73,164030073,114800220,25983,N,3,325,201903
20190301,20190301,73,164030073,115904765,25998,N,1,326,201903
20190301,20190301,73,164030073,120231730,26000,N,2,327,201903
20190301,20190301,73,164030073,120237647,26007,N,2,328,201903
20190301,20190301,73,164030073,120258824,26011,N,22,329,201903
20190301,20190301,73,164030073,120258826,26011,N,9,330,201903
20190301,20190301,73,164030073,120342031,26007,N,4,331,201903
20190301,20190301,73,164030073,120409595,26008,N,1,332,201903
20190301,20190301,73,164030073,120515101,26017,N,1,333,201903
20190301,20190301,73,164030073,120515102,26025,N,1,334,201903
20190301,20190301,73,164030073,121026470,26032,N,3,335,201903
20190301,20190301,73,164030073,121251851,26022,N,3,336,201903
20190301,20190301,73,164030073,121446945,26012,N,1,337,201903
20190301,20190301,73,164030073,122832643,26025,N,1,338,201903
20190301,20190301,73,164030073,123553092,26019,N,30,339,201903
20190301,20190301,73,164030073,123731146,26020,N,1,340,201903
20190301,20190301,73,164030073,123844228,26019,N,1,341,201903
20190301,20190301,73,164030073,124053421,26016,N,1,342,201903
20190301,20190301,73,164030073,125441075,26012,N,1,343,201903
20190301,20190301,73,164030073,131054874,26010,N,1,344,201903
20190301,20190301,73,164030073,133337330,26017,N,1,345,201903
20190301,20190301,73,164030073,134634970,26020,N,1,346,201903
20190301,20190301,73,164030073,134951389,26015,N,1,347,201903
20190301,20190301,73,164030073,140339724,26010,N,1,348,201903
20190301,20190301,73,164030073,143224999,26012,N,6,349,201903
20190301,20190301,73,164030073,144031307,26012,N,2,350,201903
20190301,20190301,73,164030073,145015894,26004,E,1,351,201903
20190301,20190228,73,164060073,163001046,25756,O,2,352,201906
20190301,20190228,73,164060073,165248749,25712,N,1,353,201906
20190301,20190228,73,164060073,193725576,25773,N,1,354,201906
20190301,20190228,73,164060073,214703683,25898,N,2,355,201906
20190301,20190228,73,164060073,231255152,25965,N,1,356,201906
20190301,20190228,73,164060073,234816568,26020,N,1,357,201906
20190301,20190228,73,164060073,234816568,26033,N,1,358,201906
20190301,20190228,73,164060073,000257221,25902,N,1,359,201906
20190301,20190228,73,164060073,002524776,25900,E,1,360,201906
20190301,20190301,73,164060073,105430222,25901,O,1,361,201906
20190301,20190301,73,164060073,133159883,26000,E,1,362,201906
20190304,20190301,73,164030073,163001046,26028,O,1,1,201903
20190304,20190301,73,164030073,163346881,26030,N,1,2,201903
20190304,20190301,73,164030073,163348303,26030,N,1,3,201903
20190304,20190301,73,164030073,163533409,26025,N,1,4,201903
20190304,20190301,73,164030073,163848164,26015,N,4,5,201903
20190304,20190301,73,164030073,170139938,26024,N,2,6,201903
20190304,20190301,73,164030073,171346192,26015,N,1,7,201903
20190304,20190301,73,164030073,171403569,26015,N,1,8,201903
20190304,20190301,73,164030073,172227378,26020,N,2,9,201903
20190304,20190301,73,164030073,172603786,26027,N,3,10,201903
20190304,20190301,73,164030073,172638856,26026,N,20,11,201903
20190304,20190301,73,164030073,172732827,26026,N,1,12,201903
20190304,20190301,73,164030073,173810807,26017,N,2,13,201903
20190304,20190301,73,164030073,173849896,26021,N,1,14,201903
20190304,20190301,73,164030073,174529116,26040,N,2,15,201903
20190304,20190301,73,164030073,174801345,26052,N,10,16,201903
20190304,20190301,73,164030073,174801345,26053,N,21,17,201903
20190304,20190301,73,164030073,174801345,26054,N,30,18,201903
20190304,20190301,73,164030073,174801346,26065,N,1,19,201903
20190304,20190301,73,164030073,174917687,26070,N,1,20,201903
20190304,20190301,73,164030073,174945282,26069,N,1,21,201903
20190304,20190301,73,164030073,174948834,26070,N,1,22,201903
20190304,20190301,73,164030073,175054927,26072,N,1,23,201903
20190304,20190301,73,164030073,175130960,26072,N,1,24,201903
20190304,20190301,73,164030073,180126542,26072,N,13,25,201903
20190304,20190301,73,164030073,180212837,26063,N,1,26,201903
20190304,20190301,73,164030073,180415168,26066,N,1,27,201903
20190304,20190301,73,164030073,180554603,26066,N,2,28,201903
20190304,20190301,73,164030073,181806744,26067,N,1,29,201903
20190304,20190301,73,164030073,181839478,26067,N,2,30,201903
20190304,20190301,73,164030073,182011409,26063,N,1,31,201903
20190304,20190301,73,164030073,182236530,26073,N,2,32,201903
20190304,20190301,73,164030073,182610056,26068,N,1,33,201903
20190304,20190301,73,164030073,182701877,26074,N,4,34,201903
20190304,20190301,73,164030073,182806881,26080,N,1,35,201903
20190304,20190301,73,164030073,182806883,26080,N,1,36,201903
20190304,20190301,73,164030073,182806883,26080,N,1,37,201903
20190304,20190301,73,164030073,183105143,26077,N,2,38,201903
20190304,20190301,73,164030073,183129987,26081,N,1,39,201903
20190304,20190301,73,164030073,183153820,26082,N,1,40,201903
20190304,20190301,73,164030073,183200725,26079,N,2,41,201903
20190304,20190301,73,164030073,183325365,26082,N,1,42,201903
20190304,20190301,73,164030073,183552602,26075,N,1,43,201903
20190304,20190301,73,164030073,184526765,26075,N,1,44,201903
20190304,20190301,73,164030073,185028401,26076,N,1,45,201903
20190304,20190301,73,164030073,185052709,26076,N,7,46,201903
20190304,20190301,73,164030073,185426104,26068,N,1,47,201903
20190304,20190301,73,164030073,185506507,26066,N,4,48,201903
20190304,20190301,73,164030073,185627876,26068,N,4,49,201903
20190304,20190301,73,164030073,190548198,26070,N,1,50,201903
20190304,20190301,73,164030073,190937651,26069,N,4,51,201903
20190304,20190301,73,164030073,191139519,26070,N,5,52,201903
20190304,20190301,73,164030073,193248832,26073,N,1,53,201903
20190304,20190301,73,164030073,194425371,26070,N,2,54,201903
20190304,20190301,73,164030073,200413087,26075,N,10,55,201903
20190304,20190301,73,164030073,200413087,26076,N,10,56,201903
20190304,20190301,73,164030073,205556106,26090,N,3,57,201903
20190304,20190301,73,164030073,210834904,26100,N,1,58,201903
20190304,20190301,73,164030073,210834944,26106,N,1,59,201903
20190304,20190301,73,164030073,212927550,26093,N,1,60,201903
20190304,20190301,73,164030073,213023723,26095,N,5,61,201903
20190304,20190301,73,164030073,213325758,26093,N,1,62,201903
20190304,20190301,73,164030073,214559872,26099,N,1,63,201903
20190304,20190301,73,164030073,214625925,26105,N,10,64,201903
20190304,20190301,73,164030073,214625925,26106,N,21,65,201903
20190304,20190301,73,164030073,214625925,26107,N,10,66,201903
20190304,20190301,73,164030073,214625950,26107,N,10,67,201903
20190304,20190301,73,164030073,214648214,26107,N,8,68,201903
20190304,20190301,73,164030073,215603013,26096,N,10,69,201903
20190304,20190301,73,164030073,215843874,26097,N,2,70,201903
20190304,20190301,73,164030073,215929092,26102,N,1,71,201903
20190304,20190301,73,164030073,221807352,26085,N,2,72,201903
20190304,20190301,73,164030073,222126989,26083,N,1,73,201903
20190304,20190301,73,164030073,224657671,26076,N,1,74,201903
20190304,20190301,73,164030073,224856419,26072,N,1,75,201903
20190304,20190301,73,164030073,224937882,26072,N,1,76,201903
20190304,20190301,73,164030073,225008352,26070,N,1,77,201903
20190304,20190301,73,164030073,225952984,26079,N,7,78,201903
20190304,20190301,73,164030073,225958040,26079,N,1,79,201903
20190304,20190301,73,164030073,230413520,26078,N,1,80,201903
20190304,20190301,73,164030073,230712551,26076,N,2,81,201903
20190304,20190301,73,164030073,230756907,26076,N,1,82,201903
20190304,20190301,73,164030073,230929591,26073,N,2,83,201903
20190304,20190301,73,164030073,231152547,26074,N,2,84,201903
20190304,20190301,73,164030073,231629516,26098,N,1,85,201903
20190304,20190301,73,164030073,233034237,26118,N,11,86,201903
20190304,20190301,73,164030073,233034239,26119,N,10,87,201903
20190304,20190301,73,164030073,233316346,26123,N,3,88,201903
20190304,20190301,73,164030073,233316347,26130,N,1,89,201903
20190304,20190301,73,164030073,233607966,26118,N,20,90,201903
20190304,20190301,73,164030073,233607967,26116,N,10,91,201903
20190304,20190301,73,164030073,233612860,26110,N,10,92,201903
20190304,20190301,73,164030073,233612863,26105,N,11,93,201903
20190304,20190301,73,164030073,234007124,26133,N,1,94,201903
20190304,20190301,73,164030073,234145440,26138,N,1,95,201903
20190304,20190301,73,164030073,234146713,26138,N,1,96,201903
20190304,20190301,73,164030073,234158604,26138,N,2,97,201903
20190304,20190301,73,164030073,234404702,26130,N,2,98,201903
20190304,20190301,73,164030073,234620087,26130,N,1,99,201903
20190304,20190301,73,164030073,234808006,26132,N,11,100,201903
20190304,20190301,73,164030073,235000647,26133,N,1,101,201903
20190304,20190301,73,164030073,235933610,26127,N,1,102,201903
20190304,20190301,73,164030073,000000089,26122,N,10,103,201903
20190304,20190301,73,164030073,000013941,26095,N,1,104,201903
20190304,20190301,73,164030073,000029783,26111,N,1,105,201903
20190304,20190301,73,164030073,000130121,26090,N,1,106,201903
20190304,20190301,73,164030073,000254710,26088,N,1,107,201903
20190304,20190301,73,164030073,000313634,26096,N,21,108,201903
20190304,20190301,73,164030073,000523216,26097,N,2,109,201903
20190304,20190301,73,164030073,000547341,26097,N,1,110,201903
20190304,20190301,73,164030073,000552010,26095,N,1,111,201903
20190304,20190301,73,164030073,000820479,26070,N,1,112,201903
20190304,20190301,73,164030073,000848985,26069,N,1,113,201903
20190304,20190301,73,164030073,001028761,26078,N,1,114,201903
20190304,20190301,73,164030073,001029160,26077,N,1,115,201903
20190304,20190301,73,164030073,001454810,26056,N,1,116,201903
20190304,20190301,73,164030073,001500150,26055,N,1,117,201903
20190304,20190301,73,164030073,001552326,26034,N,1,118,201903
20190304,20190301,73,164030073,001626282,26039,N,1,119,201903
20190304,20190301,73,164030073,001659944,26037,N,1,120,201903
20190304,20190301,73,164030073,001811633,26043,N,2,121,201903
20190304,20190301,73,164030073,002051913,26030,N,1,122,201903
20190304,20190301,73,164030073,002211575,26009,N,1,123,201903
20190304,20190301,73,164030073,002218376,26007,N,1,124,201903
20190304,20190301,73,164030073,002239224,26001,N,1,125,201903
20190304,20190301,73,164030073,002303567,26001,N,9,126,201903
20190304,20190301,73,164030073,002303760,26000,N,1,127,201903
20190304,20190301,73,164030073,002312258,25989,N,1,128,201903
20190304,20190301,73,164030073,002452631,26000,N,2,129,201903
20190304,20190301,73,164030073,003637964,25990,N,1,130,201903
20190304,20190301,73,164030073,003700137,25993,N,3,131,201903
20190304,20190301,73,164030073,003754416,25986,N,3,132,201903
20190304,20190301,73,164030073,003933956,25997,N,2,133,201903
20190304,20190301,73,164030073,004823202,25998,N,1,134,201903
20190304,20190301,73,164030073,005130759,25990,N,3,135,201903
20190304,20190301,73,164030073,005153650,25990,N,5,136,201903
20190304,20190301,73,164030073,005427905,25994,N,1,137,201903
20190304,20190301,73,164030073,010043075,26003,N,1,138,201903
20190304,20190301,73,164030073,010043076,26004,N,5,139,201903
20190304,20190301,73,164030073,010736996,25983,N,1,140,201903
20190304,20190301,73,164030073,011139991,25960,N,1,141,201903
20190304,20190301,73,164030073,011139992,25959,N,3,142,201903
20190304,20190301,73,164030073,011146058,25955,N,1,143,201903
20190304,20190301,73,164030073,011149002,25954,N,1,144,201903
20190304,20190301,73,164030073,011229631,25950,N,1,145,201903
20190304,20190301,73,164030073,011423708,25959,N,3,146,201903
20190304,20190301,73,164030073,011648353,25968,N,8,147,201903
20190304,20190301,73,164030073,011727221,25961,N,1,148,201903
20190304,20190301,73,164030073,011848335,25974,N,2,149,201903
20190304,20190301,73,164030073,012137313,25974,N,1,150,201903
20190304,20190301,73,164030073,012202632,25972,N,1,151,201903
20190304,20190301,73,164030073,012726985,25966,N,1,152,201903
20190304,20190301,73,164030073,012855084,25977,N,5,153,201903
20190304,20190301,73,164030073,014101928,25965,N,1,154,201903
20190304,20190301,73,164030073,014501196,25956,N,1,155,201903
20190304,20190301,73,164030073,014907369,25947,N,1,156,201903
20190304,20190301,73,164030073,015412012,25913,N,1,157,201903
20190304,20190301,73,164030073,020629811,25950,N,1,158,201903
20190304,20190301,73,164030073,020714361,25950,N,3,159,201903
20190304,20190301,73,164030073,021444005,25955,N,4,160,201903
20190304,20190301,73,164030073,021450062,25964,N,3,161,201903
20190304,20190301,73,164030073,021546814,25958,N,5,162,201903
20190304,20190301,73,164030073,022029337,25967,N,1,163,201903
20190304,20190301,73,164030073,022334706,25965,N,1,164,201903
20190304,20190301,73,164030073,022823260,25979,N,10,165,201903
20190304,20190301,73,164030073,022823261,25979,N,1,166,201903
20190304,20190301,73,164030073,022823261,25979,N,1,167,201903
20190304,20190301,73,164030073,023208866,25987,N,10,168,201903
20190304,20190301,73,164030073,023347284,25982,N,10,169,201903
20190304,20190301,73,164030073,023454231,25983,N,1,170,201903
20190304,20190301,73,164030073,023803152,25962,N,10,171,201903
20190304,20190301,73,164030073,023843821,25973,N,10,172,201903
20190304,20190301,73,164030073,023843821,25973,N,7,173,201903
20190304,20190301,73,164030073,023946211,25961,N,3,174,201903
20190304,20190301,73,164030073,024734359,25964,N,15,175,201903
20190304,20190301,73,164030073,025743528,25988,N,3,176,201903
20190304,20190301,73,164030073,030057837,25987,N,2,177,201903
20190304,20190301,73,164030073,030741921,25990,N,4,178,201903
20190304,20190301,73,164030073,033111921,25989,N,1,179,201903
20190304,20190301,73,164030073,034429863,25994,N,1,180,201903
20190304,20190301,73,164030073,035028245,25992,N,1,181,201903
20190304,20190301,73,164030073,040023914,25988,N,1,182,201903
20190304,20190301,73,164030073,041001345,26000,N,2,183,201903
20190304,20190301,73,164030073,041810538,26000,N,10,184,201903
20190304,20190301,73,164030073,041810538,26001,N,21,185,201903
20190304,20190301,73,164030073,041849635,26005,N,10,186,201903
20190304,20190301,73,164030073,042316577,26011,N,1,187,201903
20190304,20190301,73,164030073,042344513,26015,N,1,188,201903
20190304,20190301,73,164030073,042532765,26034,N,10,189,201903
20190304,20190301,73,164030073,050935328,26022,N,10,190,201903
20190304,20190301,73,164030073,051414712,26015,N,2,191,201903
20190304,20190301,73,164030073,051614651,26015,N,1,192,201903
20190304,20190301,73,164030073,052310060,26017,E,1,193,201903
20190304,20190304,73,164030073,084501051,26030,O,53,194,201903
20190304,20190304,73,164030073,084526654,26040,N,1,195,201903
20190304,20190304,73,164030073,084607287,26125,N,5,196,201903
20190304,20190304,73,164030073,084802167,26133,N,5,197,201903
20190304,20190304,73,164030073,084803194,26133,N,10,198,201903
20190304,20190304,73,164030073,084803194,26132,N,20,199,201903
20190304,20190304,73,164030073,084818817,26133,N,5,200,201903
20190304,20190304,73,164030073,084831277,26134,N,1,201,201903
20190304,20190304,73,164030073,084940777,26135,N,10,202,201903
20190304,20190304,73,164030073,085017424,26135,N,1,203,201903
20190304,20190304,73,164030073,085101066,26136,N,1,204,201903
20190304,20190304,73,164030073,085223695,26137,N,1,205,201903
20190304,20190304,73,164030073,085305627,26138,N,1,206,201903
20190304,20190304,73,164030073,085305627,26140,N,1,207,201903
20190304,20190304,73,164030073,085305714,26142,N,1,208,201903
20190304,20190304,73,164030073,085512956,26137,N,5,209,201903
20190304,20190304,73,164030073,085526274,26143,N,10,210,201903
20190304,20190304,73,164030073,090220600,26134,N,1,211,201903
20190304,20190304,73,164030073,090220600,26133,N,1,212,201903
20190304,20190304,73,164030073,090712427,26133,N,1,213,201903
20190304,20190304,73,164030073,090853785,26133,N,1,214,201903
20190304,20190304,73,164030073,091012195,26128,N,1,215,201903
20190304,20190304,73,164030073,091651700,26122,N,1,216,201903
20190304,20190304,73,164030073,091729381,26124,N,1,217,201903
20190304,20190304,73,164030073,092131585,26116,N,10,218,201903
20190304,20190304,73,164030073,092237869,26116,N,2,219,201903
20190304,20190304,73,164030073,092506596,26123,N,1,220,201903
20190304,20190304,73,164030073,092539443,26128,N,1,221,201903
20190304,20190304,73,164030073,094534434,26128,N,1,222,201903
20190304,20190304,73,164030073,094534434,26129,N,1,223,201903
20190304,20190304,73,164030073,094707093,26126,N,1,224,201903
20190304,20190304,73,164030073,095144723,26124,N,1,225,201903
20190304,20190304,73,164030073,095144723,26123,N,1,226,201903
20190304,20190304,73,164030073,095144723,26122,N,3,227,201903
20190304,20190304,73,164030073,100159544,26128,N,2,228,201903
20190304,20190304,73,164030073,100842095,26125,N,1,229,201903
20190304,20190304,73,164030073,100918235,26124,N,2,230,201903
20190304,20190304,73,164030073,102648391,26121,N,1,231,201903
20190304,20190304,73,164030073,103710026,26133,N,1,232,201903
20190304,20190304,73,164030073,103959967,26128,N,1,233,201903
20190304,20190304,73,164030073,105134198,26125,N,1,234,201903
20190304,20190304,73,164030073,105148364,26125,N,4,235,201903
20190304,20190304,73,164030073,110608452,26136,N,1,236,201903
20190304,20190304,73,164030073,111243561,26129,N,1,237,201903
20190304,20190304,73,164030073,111259310,26130,N,1,238,201903
20190304,20190304,73,164030073,113845311,26135,N,1,239,201903
20190304,20190304,73,164030073,113845311,26134,N,6,240,201903
20190304,20190304,73,164030073,113943403,26134,N,1,241,201903
20190304,20190304,73,164030073,113948291,26128,N,2,242,201903
20190304,20190304,73,164030073,114110230,26131,N,1,243,201903
20190304,20190304,73,164030073,114437156,26135,N,1,244,201903
20190304,20190304,73,164030073,114922856,26133,N,1,245,201903
20190304,20190304,73,164030073,121020242,26145,N,1,246,201903
20190304,20190304,73,164030073,121338223,26149,N,1,247,201903
20190304,20190304,73,164030073,121339158,26149,N,1,248,201903
20190304,20190304,73,164030073,121412706,26150,N,1,249,201903
20190304,20190304,73,164030073,121608227,26147,N,1,250,201903
20190304,20190304,73,164030073,123001794,26144,N,1,251,201903
20190304,20190304,73,164030073,123101975,26141,N,4,252,201903
20190304,20190304,73,164030073,123211767,26149,N,11,253,201903
20190304,20190304,73,164030073,123211767,26150,N,1,254,201903
20190304,20190304,73,164030073,123214998,26150,N,7,255,201903
20190304,20190304,73,164030073,123918874,26153,N,1,256,201903
20190304,20190304,73,164030073,123918874,26152,N,1,257,201903
20190304,20190304,73,164030073,124113482,26153,N,1,258,201903
20190304,20190304,73,164030073,124237069,26154,N,1,259,201903
20190304,20190304,73,164030073,124425078,26162,N,1,260,201903
20190304,20190304,73,164030073,124425079,26162,N,1,261,201903
20190304,20190304,73,164030073,124426033,26162,N,1,262,201903
20190304,20190304,73,164030073,124810179,26159,N,1,263,201903
20190304,20190304,73,164030073,124810179,26160,N,11,264,201903
20190304,20190304,73,164030073,124812116,26160,N,2,265,201903
20190304,20190304,73,164030073,124922146,26160,N,10,266,201903
20190304,20190304,73,164030073,125507780,26164,N,1,267,201903
20190304,20190304,73,164030073,125658110,26162,N,1,268,201903
20190304,20190304,73,164030073,130308621,26158,N,2,269,201903
20190304,20190304,73,164030073,131706384,26157,N,1,270,201903
20190304,20190304,73,164030073,133803235,26154,N,1,271,201903
20190304,20190304,73,164030073,133911507,26155,N,1,272,201903
20190304,20190304,73,164030073,133941231,26149,N,1,273,201903
20190304,20190304,73,164030073,134301421,26149,N,6,274,201903
20190304,20190304,73,164030073,134425634,26154,N,1,275,201903
20190304,20190304,73,164030073,135304332,26155,N,2,276,201903
20190304,20190304,73,164030073,135928874,26155,N,1,277,201903
20190304,20190304,73,164030073,140317609,26153,N,1,278,201903
20190304,20190304,73,164030073,140403600,26152,N,3,279,201903
20190304,20190304,73,164030073,142122942,26149,N,1,280,201903
20190304,20190304,73,164030073,142150248,26150,N,1,281,201903
20190304,20190304,73,164030073,142259478,26150,N,3,282,201903
20190304,20190304,73,164030073,142301154,26150,N,1,283,201903
20190304,20190304,73,164030073,142302659,26150,N,10,284,201903
20190304,20190304,73,164030073,142303834,26150,N,1,285,201903
20190304,20190304,73,164030073,144054354,26138,N,3,286,201903
20190304,20190304,73,164030073,144459157,26141,N,1,287,201903
20190304,20190304,73,164030073,150042153,26140,N,1,288,201903
20190304,20190304,73,164030073,150127464,26137,E,1,289,201903
20190304,20190301,73,164060073,183214532,26140,O,1,290,201906
20190304,20190301,73,164060073,225621932,26069,N,1,291,201906
20190304,20190301,73,164060073,001430333,26028,N,1,292,201906
20190304,20190301,73,164060073,001505864,26020,N,1,293,201906
20190304,20190301,73,164060073,042816676,26010,N,1,294,201906
20190304,20190301,73,164060073,052250690,25968,E,1,295,201906
20190304,20190304,73,164060073,124223365,26110,O,2,296,201906
20190304,20190304,73,164060073,125600913,26120,N,1,297,201906
20190304,20190304,73,164060073,141954123,26150,E,1,298,201906
20190304,20190304,73,164090073,114549006,25809,O,1,299,201909
20190305,20190304,73,164030073,164916698,26116,O,1,1,201903
20190305,20190304,73,164030073,165128370,26119,N,1,2,201903
20190305,20190304,73,164030073,165321311,26122,N,6,3,201903
20190305,20190304,73,164030073,165637581,26119,N,1,4,201903
20190305,20190304,73,164030073,170123431,26117,N,1,5,201903
20190305,20190304,73,164030073,171224735,26106,N,1,6,201903
20190305,20190304,73,164030073,171226211,26111,N,1,7,201903
20190305,20190304,73,164030073,171228957,26106,N,1,8,201903
20190305,20190304,73,164030073,171257413,26106,N,1,9,201903
20190305,20190304,73,164030073,171808229,26102,N,1,10,201903
20190305,20190304,73,164030073,173029553,26113,N,1,11,201903
20190305,20190304,73,164030073,175450902,26120,N,1,12,201903
20190305,20190304,73,164030073,175737430,26120,N,1,13,201903
20190305,20190304,73,164030073,183703084,26125,N,2,14,201903
20190305,20190304,73,164030073,183703087,26125,N,2,15,201903
20190305,20190304,73,164030073,184109702,26101,N,1,16,201903
20190305,20190304,73,164030073,184801682,26098,N,1,17,201903
20190305,20190304,73,164030073,184909076,26092,N,1,18,201903
20190305,20190304,73,164030073,185141038,26092,N,1,19,201903
20190305,20190304,73,164030073,190750721,26096,N,1,20,201903
20190305,20190304,73,164030073,191049573,26097,N,1,21,201903
20190305,20190304,73,164030073,191338953,26100,N,4,22,201903
20190305,20190304,73,164030073,192339754,26093,N,1,23,201903
20190305,20190304,73,164030073,192549635,26093,N,5,24,201903
20190305,20190304,73,164030073,194228079,26098,N,1,25,201903
20190305,20190304,73,164030073,195136794,26087,N,2,26,201903
20190305,20190304,73,164030073,202859340,26103,N,1,27,201903
20190305,20190304,73,164030073,204117210,26105,N,2,28,201903
20190305,20190304,73,164030073,204142810,26105,N,2,29,201903
20190305,20190304,73,164030073,210358397,26107,N,3,30,201903
20190305,20190304,73,164030073,210655166,26115,N,5,31,201903
20190305,20190304,73,164030073,211755039,26117,N,1,32,201903
20190305,20190304,73,164030073,220527731,26124,N,10,33,201903
20190305,20190304,73,164030073,220701283,26123,N,1,34,201903
20190305,20190304,73,164030073,222502461,26125,N,1,35,201903
20190305,20190304,73,164030073,224620103,26128,N,1,36,201903
20190305,20190304,73,164030073,225155327,26125,N,1,37,201903
20190305,20190304,73,164030073,225906545,26125,N,1,38,201903
20190305,20190304,73,164030073,231034395,26136,N,1,39,201903
20190305,20190304,73,164030073,231034397,26136,N,1,40,201903
20190305,20190304,73,164030073,232005749,26130,N,5,41,201903
20190305,20190304,73,164030073,232852681,26123,N,2,42,201903
20190305,20190304,73,164030073,233000260,26145,N,6,43,201903
20190305,20190304,73,164030073,233000324,26150,N,5,44,201903
20190305,20190304,73,164030073,233000325,26150,N,1,45,201903
20190305,20190304,73,164030073,233000325,26150,N,1,46,201903
20190305,20190304,73,164030073,233000521,26150,N,10,47,201903
20190305,20190304,73,164030073,233000680,26155,N,10,48,201903
20190305,20190304,73,164030073,233000681,26156,N,1,49,201903
20190305,20190304,73,164030073,233001156,26147,N,10,50,201903
20190305,20190304,73,164030073,233617502,26129,N,2,51,201903
20190305,20190304,73,164030073,234102261,26129,N,3,52,201903
20190305,20190304,73,164030073,234208748,26135,N,1,53,201903
20190305,20190304,73,164030073,234943961,26092,N,1,54,201903
20190305,20190304,73,164030073,234944365,26089,N,1,55,201903
20190305,20190304,73,164030073,234957128,26081,N,1,56,201903
20190305,20190304,73,164030073,234957251,26080,N,3,57,201903
20190305,20190304,73,164030073,234957278,26080,N,7,58,201903
20190305,20190304,73,164030073,235102582,26059,N,1,59,201903
20190305,20190304,73,164030073,235102620,26057,N,5,60,201903
20190305,20190304,73,164030073,235211724,26064,N,1,61,201903
20190305,20190304,73,164030073,235238898,26058,N,1,62,201903
20190305,20190304,73,164030073,235414689,26066,N,1,63,201903
20190305,20190304,73,164030073,235514600,26065,N,1,64,201903
20190305,20190304,73,164030073,000753069,26060,N,1,65,201903
20190305,20190304,73,164030073,001127472,26042,N,3,66,201903
20190305,20190304,73,164030073,001241128,26049,N,1,67,201903
20190305,20190304,73,164030073,001241929,26049,N,3,68,201903
20190305,20190304,73,164030073,001806793,26049,N,1,69,201903
20190305,20190304,73,164030073,002708325,26069,N,1,70,201903
20190305,20190304,73,164030073,004226921,26039,N,1,71,201903
20190305,20190304,73,164030073,004554489,26042,N,2,72,201903
20190305,20190304,73,164030073,004805446,26054,N,1,73,201903
20190305,20190304,73,164030073,005419680,26020,N,1,74,201903
20190305,20190304,73,164030073,005420646,26016,N,1,75,201903
20190305,20190304,73,164030073,005709655,26005,N,1,76,201903
20190305,20190304,73,164030073,005758937,26000,N,1,77,201903
20190305,20190304,73,164030073,005829654,26000,N,1,78,201903
20190305,20190304,73,164030073,010554756,25993,N,3,79,201903
20190305,20190304,73,164030073,010554763,25991,N,10,80,201903
20190305,20190304,73,164030073,010554849,25980,N,1,81,201903
20190305,20190304,73,164030073,010604473,25990,N,3,82,201903
20190305,20190304,73,164030073,010616887,25990,N,2,83,201903
20190305,20190304,73,164030073,010636285,25994,N,1,84,201903
20190305,20190304,73,164030073,010735873,25990,N,1,85,201903
20190305,20190304,73,164030073,010815687,25978,N,3,86,201903
20190305,20190304,73,164030073,010815688,25977,N,1,87,201903
20190305,20190304,73,164030073,010815689,25976,N,10,88,201903
20190305,20190304,73,164030073,010848866,25968,N,1,89,201903
20190305,20190304,73,164030073,010927926,25965,N,1,90,201903
20190305,20190304,73,164030073,010932602,25960,N,1,91,201903
20190305,20190304,73,164030073,011006574,25952,N,1,92,201903
20190305,20190304,73,164030073,011916081,25983,N,1,93,201903
20190305,20190304,73,164030073,012002944,25986,N,1,94,201903
20190305,20190304,73,164030073,012258630,25940,N,1,95,201903
20190305,20190304,73,164030073,012436036,25924,N,1,96,201903
20190305,20190304,73,164030073,012450264,25916,N,8,97,201903
20190305,20190304,73,164030073,012455038,25915,N,1,98,201903
20190305,20190304,73,164030073,012651796,25918,N,1,99,201903
20190305,20190304,73,164030073,012702010,25920,N,1,100,201903
20190305,20190304,73,164030073,012818602,25902,N,1,101,201903
20190305,20190304,73,164030073,012832003,25900,N,2,102,201903
20190305,20190304,73,164030073,012919001,25902,N,1,103,201903
20190305,20190304,73,164030073,013013861,25890,N,10,104,201903
20190305,20190304,73,164030073,013013961,25889,N,1,105,201903
20190305,20190304,73,164030073,013110690,25908,N,1,106,201903
20190305,20190304,73,164030073,013458899,25862,N,1,107,201903
20190305,20190304,73,164030073,013504645,25876,N,2,108,201903
20190305,20190304,73,164030073,013514791,25873,N,1,109,201903
20190305,20190304,73,164030073,013553031,25884,N,1,110,201903
20190305,20190304,73,164030073,013644006,25888,N,1,111,201903
20190305,20190304,73,164030073,014104934,25850,N,2,112,201903
20190305,20190304,73,164030073,014104934,25847,N,10,113,201903
20190305,20190304,73,164030073,014217004,25845,N,1,114,201903
20190305,20190304,73,164030073,014222575,25839,N,11,115,201903
20190305,20190304,73,164030073,014245935,25835,N,7,116,201903
20190305,20190304,73,164030073,014246190,25837,N,20,117,201903
20190305,20190304,73,164030073,014308667,25835,N,3,118,201903
20190305,20190304,73,164030073,014312015,25833,N,1,119,201903
20190305,20190304,73,164030073,014329267,25813,N,1,120,201903
20190305,20190304,73,164030073,014405598,25828,N,2,121,201903
20190305,20190304,73,164030073,014419719,25822,N,10,122,201903
20190305,20190304,73,164030073,014430816,25817,N,1,123,201903
20190305,20190304,73,164030073,014435471,25811,N,1,124,201903
20190305,20190304,73,164030073,014435878,25812,N,1,125,201903
20190305,20190304,73,164030073,014437318,25810,N,5,126,201903
20190305,20190304,73,164030073,014738482,25801,N,1,127,201903
20190305,20190304,73,164030073,014738483,25800,N,4,128,201903
20190305,20190304,73,164030073,014858214,25804,N,1,129,201903
20190305,20190304,73,164030073,014903742,25800,N,1,130,201903
20190305,20190304,73,164030073,014904529,25794,N,1,131,201903
20190305,20190304,73,164030073,015007586,25794,N,20,132,201903
20190305,20190304,73,164030073,015014307,25788,N,1,133,201903
20190305,20190304,73,164030073,015111983,25773,N,1,134,201903
20190305,20190304,73,164030073,015206443,25777,N,2,135,201903
20190305,20190304,73,164030073,015210797,25757,N,1,136,201903
20190305,20190304,73,164030073,015214076,25762,N,2,137,201903
20190305,20190304,73,164030073,015224331,25759,N,1,138,201903
20190305,20190304,73,164030073,015256259,25745,N,1,139,201903
20190305,20190304,73,164030073,015400168,25746,N,1,140,201903
20190305,20190304,73,164030073,015403000,25745,N,3,141,201903
20190305,20190304,73,164030073,015425576,25758,N,1,142,201903
20190305,20190304,73,164030073,015505291,25736,N,1,143,201903
20190305,20190304,73,164030073,015505331,25731,N,10,144,201903
20190305,20190304,73,164030073,015516362,25695,N,10,145,201903
20190305,20190304,73,164030073,015516363,25691,N,7,146,201903
20190305,20190304,73,164030073,015543890,25717,N,3,147,201903
20190305,20190304,73,164030073,015550571,25724,N,1,148,201903
20190305,20190304,73,164030073,015701659,25710,N,1,149,201903
20190305,20190304,73,164030073,015704534,25718,N,1,150,201903
20190305,20190304,73,164030073,015714744,25725,N,10,151,201903
20190305,20190304,73,164030073,015725129,25724,N,1,152,201903
20190305,20190304,73,164030073,015743678,25714,N,11,153,201903
20190305,20190304,73,164030073,015846552,25723,N,1,154,201903
20190305,20190304,73,164030073,020004440,25710,N,1,155,201903
20190305,20190304,73,164030073,020021737,25720,N,1,156,201903
20190305,20190304,73,164030073,020115811,25720,N,18,157,201903
20190305,20190304,73,164030073,020132418,25735,N,1,158,201903
20190305,20190304,73,164030073,020142593,25737,N,1,159,201903
20190305,20190304,73,164030073,020600107,25752,N,1,160,201903
20190305,20190304,73,164030073,020620194,25737,N,1,161,201903
20190305,20190304,73,164030073,020645260,25741,N,1,162,201903
20190305,20190304,73,164030073,020825606,25749,N,1,163,201903
20190305,20190304,73,164030073,020856528,25748,N,1,164,201903
20190305,20190304,73,164030073,021121464,25732,N,1,165,201903
20190305,20190304,73,164030073,021124438,25733,N,3,166,201903
20190305,20190304,73,164030073,021213415,25731,N,1,167,201903
20190305,20190304,73,164030073,021319387,25723,N,3,168,201903
20190305,20190304,73,164030073,021445371,25708,N,1,169,201903
20190305,20190304,73,164030073,021446689,25711,N,2,170,201903
20190305,20190304,73,164030073,021543808,25711,N,3,171,201903
20190305,20190304,73,164030073,021612553,25709,N,1,172,201903
20190305,20190304,73,164030073,021652923,25700,N,1,173,201903
20190305,20190304,73,164030073,021731773,25666,N,1,174,201903
20190305,20190304,73,164030073,021741593,25655,N,1,175,201903
20190305,20190304,73,164030073,021826517,25650,N,1,176,201903
20190305,20190304,73,164030073,021828684,25655,N,1,177,201903
20190305,20190304,73,164030073,021853849,25645,N,1,178,201903
20190305,20190304,73,164030073,021859876,25641,N,1,179,201903
20190305,20190304,73,164030073,021908361,25650,N,1,180,201903
20190305,20190304,73,164030073,021921509,25636,N,1,181,201903
20190305,20190304,73,164030073,022037377,25671,N,1,182,201903
20190305,20190304,73,164030073,022202566,25670,N,3,183,201903
20190305,20190304,73,164030073,022215982,25667,N,1,184,201903
20190305,20190304,73,164030073,022227472,25669,N,3,185,201903
20190305,20190304,73,164030073,022344419,25681,N,3,186,201903
20190305,20190304,73,164030073,022352546,25671,N,1,187,201903
20190305,20190304,73,164030073,022422950,25665,N,1,188,201903
20190305,20190304,73,164030073,022837614,25679,N,21,189,201903
20190305,20190304,73,164030073,022837617,25681,N,10,190,201903
20190305,20190304,73,164030073,022855170,25679,N,1,191,201903
20190305,20190304,73,164030073,022855305,25684,N,1,192,201903
20190305,20190304,73,164030073,023038771,25691,N,1,193,201903
20190305,20190304,73,164030073,023104430,25708,N,1,194,201903
20190305,20190304,73,164030073,023107032,25709,N,1,195,201903
20190305,20190304,73,164030073,023118753,25709,N,1,196,201903
20190305,20190304,73,164030073,023132706,25700,N,1,197,201903
20190305,20190304,73,164030073,023142727,25701,N,1,198,201903
20190305,20190304,73,164030073,023414208,25704,N,2,199,201903
20190305,20190304,73,164030073,023449321,25706,N,1,200,201903
20190305,20190304,73,164030073,023651382,25688,N,2,201,201903
20190305,20190304,73,164030073,023740173,25680,N,1,202,201903
20190305,20190304,73,164030073,024009193,25675,N,1,203,201903
20190305,20190304,73,164030073,024202013,25669,N,1,204,201903
20190305,20190304,73,164030073,024251261,25662,N,1,205,201903
20190305,20190304,73,164030073,024740301,25645,N,1,206,201903
20190305,20190304,73,164030073,024742085,25640,N,1,207,201903
20190305,20190304,73,164030073,024858241,25635,N,1,208,201903
20190305,20190304,73,164030073,024908707,25639,N,1,209,201903
20190305,20190304,73,164030073,024917595,25639,N,1,210,201903
20190305,20190304,73,164030073,024935184,25646,N,1,211,201903
20190305,20190304,73,164030073,025223055,25675,N,3,212,201903
20190305,20190304,73,164030073,025339387,25662,N,1,213,201903
20190305,20190304,73,164030073,025735616,25656,N,1,214,201903
20190305,20190304,73,164030073,025837077,25646,N,1,215,201903
20190305,20190304,73,164030073,025915953,25639,N,1,216,201903
20190305,20190304,73,164030073,030007220,25644,N,1,217,201903
20190305,20190304,73,164030073,030019004,25641,N,10,218,201903
20190305,20190304,73,164030073,030139462,25621,N,1,219,201903
20190305,20190304,73,164030073,030526745,25614,N,1,220,201903
20190305,20190304,73,164030073,030638541,25614,N,22,221,201903
20190305,20190304,73,164030073,030638541,25614,N,5,222,201903
20190305,20190304,73,164030073,030708311,25614,N,3,223,201903
20190305,20190304,73,164030073,031343593,25633,N,2,224,201903
20190305,20190304,73,164030073,031426906,25636,N,1,225,201903
20190305,20190304,73,164030073,031437005,25633,N,1,226,201903
20190305,20190304,73,164030073,031453423,25632,N,1,227,201903
20190305,20190304,73,164030073,032025947,25664,N,10,228,201903
20190305,20190304,73,164030073,032543138,25671,N,2,229,201903
20190305,20190304,73,164030073,032612160,25672,N,1,230,201903
20190305,20190304,73,164030073,033027087,25699,N,8,231,201903
20190305,20190304,73,164030073,033142240,25703,N,10,232,201903
20190305,20190304,73,164030073,033142244,25702,N,11,233,201903
20190305,20190304,73,164030073,033531938,25687,N,1,234,201903
20190305,20190304,73,164030073,033621395,25680,N,1,235,201903
20190305,20190304,73,164030073,033839507,25681,N,1,236,201903
20190305,20190304,73,164030073,034006328,25676,N,1,237,201903
20190305,20190304,73,164030073,034051416,25676,N,1,238,201903
20190305,20190304,73,164030073,034221195,25691,N,1,239,201903
20190305,20190304,73,164030073,034232225,25701,N,1,240,201903
20190305,20190304,73,164030073,034429564,25707,N,1,241,201903
20190305,20190304,73,164030073,035104640,25717,N,1,242,201903
20190305,20190304,73,164030073,035300792,25716,N,1,243,201903
20190305,20190304,73,164030073,035319387,25709,N,1,244,201903
20190305,20190304,73,164030073,035352734,25722,N,1,245,201903
20190305,20190304,73,164030073,035613690,25746,N,5,246,201903
20190305,20190304,73,164030073,035634095,25730,N,1,247,201903
20190305,20190304,73,164030073,035857671,25730,N,1,248,201903
20190305,20190304,73,164030073,040022485,25740,N,3,249,201903
20190305,20190304,73,164030073,041001561,25735,N,1,250,201903
20190305,20190304,73,164030073,041130732,25726,N,2,251,201903
20190305,20190304,73,164030073,041131678,25732,N,5,252,201903
20190305,20190304,73,164030073,041309564,25742,N,1,253,201903
20190305,20190304,73,164030073,041351123,25739,N,1,254,201903
20190305,20190304,73,164030073,041627293,25758,N,1,255,201903
20190305,20190304,73,164030073,041958967,25767,N,1,256,201903
20190305,20190304,73,164030073,041958968,25767,N,1,257,201903
20190305,20190304,73,164030073,042605073,25780,N,1,258,201903
20190305,20190304,73,164030073,043000659,25795,N,10,259,201903
20190305,20190304,73,164030073,043000659,25794,N,5,260,201903
20190305,20190304,73,164030073,043022680,25798,N,1,261,201903
20190305,20190304,73,164030073,043053706,25798,N,10,262,201903
20190305,20190304,73,164030073,043055315,25788,N,2,263,201903
20190305,20190304,73,164030073,043243848,25782,N,10,264,201903
20190305,20190304,73,164030073,043958041,25780,N,2,265,201903
20190305,20190304,73,164030073,044327820,25791,N,1,266,201903
20190305,20190304,73,164030073,045044608,25776,N,3,267,201903
20190305,20190304,73,164030073,045349717,25795,N,1,268,201903
20190305,20190304,73,164030073,045349718,25801,N,5,269,201903
20190305,20190304,73,164030073,045426742,25798,N,1,270,201903
20190305,20190304,73,164030073,045505785,25798,N,1,271,201903
20190305,20190304,73,164030073,045953644,25777,N,1,272,201903
20190305,20190304,73,164030073,050457867,25750,N,5,273,201903
20190305,20190304,73,164030073,050723380,25737,N,1,274,201903
20190305,20190304,73,164030073,050923226,25753,N,1,275,201903
20190305,20190304,73,164030073,051118548,25760,N,1,276,201903
20190305,20190304,73,164030073,051120479,25768,N,1,277,201903
20190305,20190304,73,164030073,051138400,25760,N,1,278,201903
20190305,20190304,73,164030073,051707084,25752,N,1,279,201903
20190305,20190304,73,164030073,052004707,25770,N,10,280,201903
20190305,20190304,73,164030073,053001020,25782,E,7,281,201903
20190305,20190305,73,164030073,084501051,25793,O,12,282,201903
20190305,20190305,73,164030073,084700699,25796,N,1,283,201903
20190305,20190305,73,164030073,085344182,25788,N,1,284,201903
20190305,20190305,73,164030073,085621664,25795,N,1,285,201903
20190305,20190305,73,164030073,090606495,25787,N,1,286,201903
20190305,20190305,73,164030073,091129564,25796,N,20,287,201903
20190305,20190305,73,164030073,091139811,25797,N,1,288,201903
20190305,20190305,73,164030073,091227265,25801,N,1,289,201903
20190305,20190305,73,164030073,091227265,25802,N,1,290,201903
20190305,20190305,73,164030073,091327321,25799,N,1,291,201903
20190305,20190305,73,164030073,091416928,25794,N,1,292,201903
20190305,20190305,73,164030073,092030845,25801,N,1,293,201903
20190305,20190305,73,164030073,092030849,25800,N,1,294,201903
20190305,20190305,73,164030073,092030849,25800,N,1,295,201903
20190305,20190305,73,164030073,092914242,25804,N,1,296,201903
20190305,20190305,73,164030073,093043404,25806,N,1,297,201903
20190305,20190305,73,164030073,093234368,25815,N,1,298,201903
20190305,20190305,73,164030073,093234369,25817,N,10,299,201903
20190305,20190305,73,164030073,093431763,25816,N,1,300,201903
20190305,20190305,73,164030073,093431763,25817,N,1,301,201903
20190305,20190305,73,164030073,093542922,25820,N,1,302,201903
20190305,20190305,73,164030073,093614666,25817,N,1,303,201903
20190305,20190305,73,164030073,094104459,25810,N,1,304,201903
20190305,20190305,73,164030073,094104459,25809,N,9,305,201903
20190305,20190305,73,164030073,094110031,25810,N,1,306,201903
20190305,20190305,73,164030073,094851342,25797,N,1,307,201903
20190305,20190305,73,164030073,095709738,25796,N,1,308,201903
20190305,20190305,73,164030073,095901612,25795,N,1,309,201903
20190305,20190305,73,164030073,095901660,25795,N,1,310,201903
20190305,20190305,73,164030073,100006118,25787,N,1,311,201903
20190305,20190305,73,164030073,100243875,25792,N,1,312,201903
20190305,20190305,73,164030073,100243875,25791,N,1,313,201903
20190305,20190305,73,164030073,100309691,25792,N,1,314,201903
20190305,20190305,73,164030073,100512708,25805,N,1,315,201903
20190305,20190305,73,164030073,101107149,25800,N,1,316,201903
20190305,20190305,73,164030073,101438786,25800,N,1,317,201903
20190305,20190305,73,164030073,101449407,25800,N,1,318,201903
20190305,20190305,73,164030073,101952110,25803,N,1,319,201903
20190305,20190305,73,164030073,103033019,25784,N,2,320,201903
20190305,20190305,73,164030073,104500078,25777,N,3,321,201903
20190305,20190305,73,164030073,104634771,25768,N,1,322,201903
20190305,20190305,73,164030073,105326880,25758,N,1,323,201903
20190305,20190305,73,164030073,110012532,25760,N,1,324,201903
20190305,20190305,73,164030073,110720837,25770,N,1,325,201903
20190305,20190305,73,164030073,111906415,25765,N,1,326,201903
20190305,20190305,73,164030073,112723846,25769,N,1,327,201903
20190305,20190305,73,164030073,113305229,25777,N,1,328,201903
20190305,20190305,73,164030073,114833412,25783,N,1,329,201903
20190305,20190305,73,164030073,115926231,25796,N,1,330,201903
20190305,20190305,73,164030073,115926239,25797,N,10,331,201903
20190305,20190305,73,164030073,120219503,25803,N,1,332,201903
20190305,20190305,73,164030073,120254832,25810,N,2,333,201903
20190305,20190305,73,164030073,120330382,25804,N,1,334,201903
20190305,20190305,73,164030073,120336332,25800,N,1,335,201903
20190305,20190305,73,164030073,120540856,25801,N,1,336,201903
20190305,20190305,73,164030073,120628551,25797,N,1,337,201903
20190305,20190305,73,164030073,121003792,25790,N,1,338,201903
20190305,20190305,73,164030073,121003796,25790,N,1,339,201903
20190305,20190305,73,164030073,121108393,25786,N,1,340,201903
20190305,20190305,73,164030073,121212448,25781,N,1,341,201903
20190305,20190305,73,164030073,121443552,25785,N,1,342,201903
20190305,20190305,73,164030073,122305374,25793,N,1,343,201903
20190305,20190305,73,164030073,123434810,25788,N,4,344,201903
20190305,20190305,73,164030073,130542121,25803,N,10,345,201903
20190305,20190305,73,164030073,130858343,25798,N,2,346,201903
20190305,20190305,73,164030073,130931176,25798,N,2,347,201903
20190305,20190305,73,164030073,131120214,25795,N,4,348,201903
20190305,20190305,73,164030073,132442840,25793,N,1,349,201903
20190305,20190305,73,164030073,132442840,25792,N,5,350,201903
20190305,20190305,73,164030073,133234206,25792,N,2,351,201903
20190305,20190305,73,164030073,133711708,25794,N,3,352,201903
20190305,20190305,73,164030073,134605340,25794,N,2,353,201903
20190305,20190305,73,164030073,140058541,25786,N,4,354,201903
20190305,20190305,73,164030073,140236257,25788,N,1,355,201903
20190305,20190305,73,164030073,141329328,25787,N,1,356,201903
20190305,20190305,73,164030073,143101155,25800,N,6,357,201903
20190305,20190305,73,164030073,143640926,25794,N,5,358,201903
20190305,20190305,73,164030073,144241743,25795,N,1,359,201903
20190305,20190305,73,164030073,150722563,25810,N,2,360,201903
20190305,20190305,73,164030073,151501010,25810,E,1,361,201903
20190305,20190304,73,164060073,223819168,26139,O,1,362,201906
20190305,20190304,73,164060073,004140901,26000,N,1,363,201906
20190305,20190304,73,164060073,010601026,25950,N,10,364,201906
20190305,20190304,73,164060073,011925147,25980,N,1,365,201906
20190305,20190304,73,164060073,015047006,25700,N,1,366,201906
20190305,20190304,73,164060073,015539338,25667,N,1,367,201906
20190305,20190304,73,164060073,024909859,25606,N,1,368,201906
20190305,20190304,73,164060073,024910874,25600,N,1,369,201906
20190305,20190304,73,164060073,033743006,24791,N,2,370,201906
20190305,20190304,73,164060073,042457005,25720,N,1,371,201906
20190305,20190304,73,164060073,043014944,25728,E,1,372,201906
20190305,20190305,73,164060073,084501051,25605,O,1,373,201906
20190305,20190305,73,164060073,084906026,25700,N,1,374,201906
20190305,20190305,73,164060073,100651242,25738,N,1,375,201906
20190305,20190305,73,164060073,110205212,25720,N,1,376,201906
20190305,20190305,73,164060073,110648295,25750,N,1,377,201906
20190305,20190305,73,164060073,111833581,25691,N,1,378,201906
20190305,20190305,73,164060073,112700848,25700,N,1,379,201906
20190305,20190305,73,164060073,120312184,25750,N,3,380,201906
20190305,20190305,73,164060073,120822455,25799,N,1,381,201906
20190305,20190305,73,164060073,140234230,25748,E,1,382,201906
20190305,20190304,73,164090073,015657854,25600,O,1,383,201909
20190306,20190305,73,164030073,163001045,25811,O,1,1,201903
20190306,20190305,73,164030073,163001056,25818,N,3,2,201903
20190306,20190305,73,164030073,163230013,25803,N,5,3,201903
20190306,20190305,73,164030073,164153580,25816,N,1,4,201903
20190306,20190305,73,164030073,164511882,25822,N,1,5,201903
20190306,20190305,73,164030073,164602249,25822,N,1,6,201903
20190306,20190305,73,164030073,164957121,25820,N,1,7,201903
20190306,20190305,73,164030073,165505460,25814,N,1,8,201903
20190306,20190305,73,164030073,165603542,25818,N,1,9,201903
20190306,20190305,73,164030073,170050791,25829,N,1,10,201903
20190306,20190305,73,164030073,171715489,25844,N,3,11,201903
20190306,20190305,73,164030073,171715490,25844,N,2,12,201903
20190306,20190305,73,164030073,171845546,25844,N,1,13,201903
20190306,20190305,73,164030073,173047207,25842,N,1,14,201903
20190306,20190305,73,164030073,173055401,25844,N,10,15,201903
20190306,20190305,73,164030073,173115003,25850,N,7,16,201903
20190306,20190305,73,164030073,174230652,25855,N,1,17,201903
20190306,20190305,73,164030073,174555373,25861,N,1,18,201903
20190306,20190305,73,164030073,174946417,25866,N,1,19,201903
20190306,20190305,73,164030073,175220947,25868,N,1,20,201903
20190306,20190305,73,164030073,175423028,25875,N,2,21,201903
20190306,20190305,73,164030073,180056897,25867,N,1,22,201903
20190306,20190305,73,164030073,180235317,25862,N,2,23,201903
20190306,20190305,73,164030073,180317753,25860,N,3,24,201903
20190306,20190305,73,164030073,180333061,25865,N,1,25,201903
20190306,20190305,73,164030073,182423830,25879,N,1,26,201903
20190306,20190305,73,164030073,182526745,25879,N,1,27,201903
20190306,20190305,73,164030073,183003370,25885,N,2,28,201903
20190306,20190305,73,164030073,183019981,25887,N,1,29,201903
20190306,20190305,73,164030073,184226489,25866,N,1,30,201903
20190306,20190305,73,164030073,191247068,25862,N,4,31,201903
20190306,20190305,73,164030073,191547547,25860,N,10,32,201903
20190306,20190305,73,164030073,194444267,25849,N,1,33,201903
20190306,20190305,73,164030073,195757973,25854,N,2,34,201903
20190306,20190305,73,164030073,195923613,25851,N,2,35,201903
20190306,20190305,73,164030073,200627307,25845,N,2,36,201903
20190306,20190305,73,164030073,201422738,25835,N,1,37,201903
20190306,20190305,73,164030073,202356059,25842,N,1,38,201903
20190306,20190305,73,164030073,203014554,25840,N,1,39,201903
20190306,20190305,73,164030073,210626640,25854,N,3,40,201903
20190306,20190305,73,164030073,211818097,25827,N,2,41,201903
20190306,20190305,73,164030073,211818108,25826,N,1,42,201903
20190306,20190305,73,164030073,212244374,25819,N,2,43,201903
20190306,20190305,73,164030073,212356112,25820,N,3,44,201903
20190306,20190305,73,164030073,214005306,25823,N,1,45,201903
20190306,20190305,73,164030073,214405815,25825,N,1,46,201903
20190306,20190305,73,164030073,214421941,25820,N,1,47,201903
20190306,20190305,73,164030073,215223141,25810,N,1,48,201903
20190306,20190305,73,164030073,215420792,25812,N,10,49,201903
20190306,20190305,73,164030073,215605773,25810,N,1,50,201903
20190306,20190305,73,164030073,215816616,25814,N,2,51,201903
20190306,20190305,73,164030073,215921220,25812,N,1,52,201903
20190306,20190305,73,164030073,220054661,25818,N,1,53,201903
20190306,20190305,73,164030073,220442535,25817,N,1,54,201903
20190306,20190305,73,164030073,220719762,25813,N,1,55,201903
20190306,20190305,73,164030073,221133218,25816,N,1,56,201903
20190306,20190305,73,164030073,222125929,25831,N,1,57,201903
20190306,20190305,73,164030073,222244559,25829,N,1,58,201903
20190306,20190305,73,164030073,223009057,25830,N,1,59,201903
20190306,20190305,73,164030073,223332334,25834,N,1,60,201903
20190306,20190305,73,164030073,225053041,25831,N,1,61,201903
20190306,20190305,73,164030073,225920292,25814,N,1,62,201903
20190306,20190305,73,164030073,230502026,25809,N,1,63,201903
20190306,20190305,73,164030073,230504420,25809,N,1,64,201903
20190306,20190305,73,164030073,232124458,25800,N,5,65,201903
20190306,20190305,73,164030073,233012875,25793,N,1,66,201903
20190306,20190305,73,164030073,233111244,25789,N,2,67,201903
20190306,20190305,73,164030073,233325064,25804,N,3,68,201903
20190306,20190305,73,164030073,233407013,25781,N,1,69,201903
20190306,20190305,73,164030073,233719792,25802,N,1,70,201903
20190306,20190305,73,164030073,233929113,25782,N,1,71,201903
20190306,20190305,73,164030073,234045176,25775,N,1,72,201903
20190306,20190305,73,164030073,234054313,25780,N,1,73,201903
20190306,20190305,73,164030073,234120218,25778,N,1,74,201903
20190306,20190305,73,164030073,234356998,25775,N,1,75,201903
20190306,20190305,73,164030073,234456697,25764,N,1,76,201903
20190306,20190305,73,164030073,234625587,25742,N,1,77,201903
20190306,20190305,73,164030073,234631727,25744,N,2,78,201903
20190306,20190305,73,164030073,234647940,25737,N,1,79,201903
20190306,20190305,73,164030073,234754037,25749,N,3,80,201903
20190306,20190305,73,164030073,234804263,25750,N,2,81,201903
20190306,20190305,73,164030073,234926267,25752,N,1,82,201903
20190306,20190305,73,164030073,234928531,25751,N,1,83,201903
20190306,20190305,73,164030073,235835133,25746,N,2,84,201903
20190306,20190305,73,164030073,235901332,25741,N,1,85,201903
20190306,20190305,73,164030073,000006255,25773,N,1,86,201903
20190306,20190305,73,164030073,000006256,25773,N,1,87,201903
20190306,20190305,73,164030073,000039037,25775,N,2,88,201903
20190306,20190305,73,164030073,000049289,25786,N,1,89,201903
20190306,20190305,73,164030073,000441838,25820,N,1,90,201903
20190306,20190305,73,164030073,000451931,25819,N,1,91,201903
20190306,20190305,73,164030073,000523659,25823,N,2,92,201903
20190306,20190305,73,164030073,000541802,25825,N,2,93,201903
20190306,20190305,73,164030073,000637874,25859,N,1,94,201903
20190306,20190305,73,164030073,000637875,25859,N,5,95,201903
20190306,20190305,73,164030073,000655260,25859,N,1,96,201903
20190306,20190305,73,164030073,000824525,25825,N,2,97,201903
20190306,20190305,73,164030073,001137051,25788,N,1,98,201903
20190306,20190305,73,164030073,001415200,25795,N,1,99,201903
20190306,20190305,73,164030073,001733606,25755,N,1,100,201903
20190306,20190305,73,164030073,001740654,25759,N,1,101,201903
20190306,20190305,73,164030073,001836192,25758,N,1,102,201903
20190306,20190305,73,164030073,001906716,25763,N,1,103,201903
20190306,20190305,73,164030073,001946621,25760,N,1,104,201903
20190306,20190305,73,164030073,001951182,25760,N,2,105,201903
20190306,20190305,73,164030073,002849333,25741,N,1,106,201903
20190306,20190305,73,164030073,003120968,25761,N,1,107,201903
20190306,20190305,73,164030073,003204705,25770,N,2,108,201903
20190306,20190305,73,164030073,003355140,25790,N,1,109,201903
20190306,20190305,73,164030073,003413847,25789,N,1,110,201903
20190306,20190305,73,164030073,003445308,25788,N,1,111,201903
20190306,20190305,73,164030073,003533559,25785,N,1,112,201903
20190306,20190305,73,164030073,004230013,25765,N,1,113,201903
20190306,20190305,73,164030073,004320691,25763,N,1,114,201903
20190306,20190305,73,164030073,004741704,25741,N,1,115,201903
20190306,20190305,73,164030073,004758558,25742,N,1,116,201903
20190306,20190305,73,164030073,004842825,25744,N,1,117,201903
20190306,20190305,73,164030073,005021276,25754,N,5,118,201903
20190306,20190305,73,164030073,011225773,25783,N,1,119,201903
20190306,20190305,73,164030073,011245210,25780,N,1,120,201903
20190306,20190305,73,164030073,011516217,25783,N,1,121,201903
20190306,20190305,73,164030073,011723487,25802,N,1,122,201903
20190306,20190305,73,164030073,011734593,25800,N,5,123,201903
20190306,20190305,73,164030073,012548795,25819,N,1,124,201903
20190306,20190305,73,164030073,012647471,25818,N,1,125,201903
20190306,20190305,73,164030073,013442251,25820,N,1,126,201903
20190306,20190305,73,164030073,013620435,25832,N,1,127,201903
20190306,20190305,73,164030073,013801907,25846,N,1,128,201903
20190306,20190305,73,164030073,013912323,25850,N,1,129,201903
20190306,20190305,73,164030073,013934427,25856,N,1,130,201903
20190306,20190305,73,164030073,014234611,25860,N,1,131,201903
20190306,20190305,73,164030073,015415738,25799,N,1,132,201903
20190306,20190305,73,164030073,020206757,25815,N,1,133,201903
20190306,20190305,73,164030073,032112071,25827,N,1,134,201903
20190306,20190305,73,164030073,034839947,25802,N,1,135,201903
20190306,20190305,73,164030073,035020664,25807,N,1,136,201903
20190306,20190305,73,164030073,041656582,25826,N,1,137,201903
20190306,20190305,73,164030073,044629305,25831,N,1,138,201903
20190306,20190305,73,164030073,051233153,25833,E,1,139,201903
20190306,20190306,73,164030073,084501051,25785,O,5,140,201903
20190306,20190306,73,164030073,084501100,25778,N,1,141,201903
20190306,20190306,73,164030073,084558996,25773,N,1,142,201903
20190306,20190306,73,164030073,084940459,25772,N,1,143,201903
20190306,20190306,73,164030073,085024927,25780,N,1,144,201903
20190306,20190306,73,164030073,085038492,25783,N,1,145,201903
20190306,20190306,73,164030073,085550886,25781,N,3,146,201903
20190306,20190306,73,164030073,090116733,25777,N,1,147,201903
20190306,20190306,73,164030073,090116733,25776,N,1,148,201903
20190306,20190306,73,164030073,090449890,25767,N,3,149,201903
20190306,20190306,73,164030073,090501149,25767,N,1,150,201903
20190306,20190306,73,164030073,090501157,25767,N,1,151,201903
20190306,20190306,73,164030073,090501267,25767,N,1,152,201903
20190306,20190306,73,164030073,090501322,25767,N,4,153,201903
20190306,20190306,73,164030073,090721201,25762,N,1,154,201903
20190306,20190306,73,164030073,090721584,25762,N,1,155,201903
20190306,20190306,73,164030073,090721612,25762,N,1,156,201903
20190306,20190306,73,164030073,090733550,25761,N,1,157,201903
20190306,20190306,73,164030073,090733735,25761,N,1,158,201903
20190306,20190306,73,164030073,090733735,25761,N,1,159,201903
20190306,20190306,73,164030073,090957260,25765,N,1,160,201903
20190306,20190306,73,164030073,091302902,25770,N,7,161,201903
20190306,20190306,73,164030073,092044381,25771,N,10,162,201903
20190306,20190306,73,164030073,092102850,25767,N,1,163,201903
20190306,20190306,73,164030073,093727001,25766,N,2,164,201903
20190306,20190306,73,164030073,093740606,25763,N,1,165,201903
20190306,20190306,73,164030073,093740606,25762,N,1,166,201903
20190306,20190306,73,164030073,093809518,25759,N,1,167,201903
20190306,20190306,73,164030073,093959091,25757,N,1,168,201903
20190306,20190306,73,164030073,094506544,25760,N,8,169,201903
20190306,20190306,73,164030073,095013813,25761,N,1,170,201903
20190306,20190306,73,164030073,095016111,25761,N,1,171,201903
20190306,20190306,73,164030073,095443794,25763,N,1,172,201903
20190306,20190306,73,164030073,100700776,25759,N,2,173,201903
20190306,20190306,73,164030073,101134990,25760,N,1,174,201903
20190306,20190306,73,164030073,102507297,25760,N,10,175,201903
20190306,20190306,73,164030073,102749911,25756,N,1,176,201903
20190306,20190306,73,164030073,102817330,25756,N,1,177,201903
20190306,20190306,73,164030073,102820077,25751,N,1,178,201903
20190306,20190306,73,164030073,102832241,25754,N,2,179,201903
20190306,20190306,73,164030073,103054725,25747,N,1,180,201903
20190306,20190306,73,164030073,103108662,25747,N,1,181,201903
20190306,20190306,73,164030073,103156420,25754,N,1,182,201903
20190306,20190306,73,164030073,103234099,25760,N,10,183,201903
20190306,20190306,73,164030073,103248239,25760,N,5,184,201903
20190306,20190306,73,164030073,103425098,25763,N,1,185,201903
20190306,20190306,73,164030073,110239187,25766,N,1,186,201903
20190306,20190306,73,164030073,120204172,25761,N,1,187,201903
20190306,20190306,73,164030073,120204172,25762,N,1,188,201903
20190306,20190306,73,164030073,120204172,25763,N,8,189,201903
20190306,20190306,73,164030073,123754139,25764,N,1,190,201903
20190306,20190306,73,164030073,123754139,25763,N,1,191,201903
20190306,20190306,73,164030073,124044133,25763,N,10,192,201903
20190306,20190306,73,164030073,124051991,25763,N,10,193,201903
20190306,20190306,73,164030073,125415942,25751,N,1,194,201903
20190306,20190306,73,164030073,133337679,25745,N,2,195,201903
20190306,20190306,73,164030073,134510340,25751,N,1,196,201903
20190306,20190306,73,164030073,142912122,25768,N,1,197,201903
20190306,20190306,73,164030073,142912122,25769,N,2,198,201903
20190306,20190306,73,164030073,144201123,25765,N,1,199,201903
20190306,20190306,73,164030073,144201123,25763,N,3,200,201903
20190306,20190306,73,164030073,144459990,25769,N,1,201,201903
20190306,20190306,73,164030073,145428066,25765,N,1,202,201903
20190306,20190306,73,164030073,145606469,25758,N,1,203,201903
20190306,20190306,73,164030073,145650175,25762,N,1,204,201903
20190306,20190306,73,164030073,150117050,25746,N,1,205,201903
20190306,20190306,73,164030073,151501009,25744,E,1,206,201903
20190306,20190305,73,164060073,163001045,25779,O,2,207,201906
20190306,20190305,73,164060073,171526349,25900,N,1,208,201906
20190306,20190305,73,164060073,171526349,25966,N,1,209,201906
20190306,20190305,73,164060073,171526349,25995,N,1,210,201906
20190306,20190305,73,164060073,215331379,25800,N,1,211,201906
20190306,20190305,73,164060073,215935647,25800,N,1,212,201906
20190306,20190305,73,164060073,223259796,25801,N,1,213,201906
20190306,20190305,73,164060073,011147681,25657,N,1,214,201906
20190306,20190305,73,164060073,011147681,25656,N,1,215,201906
20190306,20190305,73,164060073,011147681,25602,N,1,216,201906
20190306,20190305,73,164060073,012659208,25603,N,1,217,201906
20190306,20190305,73,164060073,013916886,25838,E,1,218,201906
20190307,20190306,73,164030073,163407164,25761,O,1,1,201903
20190307,20190306,73,164030073,164034858,25769,N,1,2,201903
20190307,20190306,73,164030073,164854338,25776,N,3,3,201903
20190307,20190306,73,164030073,170000823,25770,N,1,4,201903
20190307,20190306,73,164030073,170001351,25769,N,7,5,201903
20190307,20190306,73,164030073,170002311,25765,N,1,6,201903
20190307,20190306,73,164030073,170740517,25777,N,1,7,201903
20190307,20190306,73,164030073,170759615,25780,N,1,8,201903
20190307,20190306,73,164030073,170808949,25787,N,6,9,201903
20190307,20190306,73,164030073,172842807,25766,N,10,10,201903
20190307,20190306,73,164030073,172930859,25765,N,5,11,201903
20190307,20190306,73,164030073,175521694,25769,N,2,12,201903
20190307,20190306,73,164030073,175527725,25765,N,2,13,201903
20190307,20190306,73,164030073,175529019,25764,N,1,14,201903
20190307,20190306,73,164030073,180203597,25763,N,1,15,201903
20190307,20190306,73,164030073,181705391,25783,N,1,16,201903
20190307,20190306,73,164030073,181815489,25777,N,1,17,201903
20190307,20190306,73,164030073,181944333,25778,N,1,18,201903
20190307,20190306,73,164030073,182117348,25786,N,2,19,201903
20190307,20190306,73,164030073,184223399,25782,N,1,20,201903
20190307,20190306,73,164030073,191809856,25767,N,1,21,201903
20190307,20190306,73,164030073,193100018,25777,N,1,22,201903
20190307,20190306,73,164030073,193333149,25779,N,1,23,201903
20190307,20190306,73,164030073,200029660,25772,N,1,24,201903
20190307,20190306,73,164030073,200727167,25781,N,1,25,201903
20190307,20190306,73,164030073,201104113,25786,N,9,26,201903
20190307,20190306,73,164030073,202259016,25784,N,1,27,201903
20190307,20190306,73,164030073,202700568,25795,N,1,28,201903
20190307,20190306,73,164030073,210003377,25795,N,4,29,201903
20190307,20190306,73,164030073,211730729,25782,N,1,30,201903
20190307,20190306,73,164030073,211946415,25780,N,1,31,201903
20190307,20190306,73,164030073,214335221,25776,N,1,32,201903
20190307,20190306,73,164030073,215603442,25767,N,1,33,201903
20190307,20190306,73,164030073,215807078,25766,N,1,34,201903
20190307,20190306,73,164030073,215955617,25765,N,1,35,201903
20190307,20190306,73,164030073,220452157,25762,N,1,36,201903
20190307,20190306,73,164030073,221107213,25765,N,1,37,201903
20190307,20190306,73,164030073,222256857,25767,N,1,38,201903
20190307,20190306,73,164030073,222958719,25757,N,10,39,201903
20190307,20190306,73,164030073,223018438,25750,N,1,40,201903
20190307,20190306,73,164030073,223751259,25787,N,10,41,201903
20190307,20190306,73,164030073,223751259,25789,N,7,42,201903
20190307,20190306,73,164030073,224105211,25779,N,1,43,201903
20190307,20190306,73,164030073,224924191,25788,N,1,44,201903
20190307,20190306,73,164030073,231154670,25810,N,1,45,201903
20190307,20190306,73,164030073,231858055,25820,N,2,46,201903
20190307,20190306,73,164030073,232413407,25811,N,1,47,201903
20190307,20190306,73,164030073,233001826,25807,N,4,48,201903
20190307,20190306,73,164030073,233531630,25818,N,1,49,201903
20190307,20190306,73,164030073,233532560,25820,N,13,50,201903
20190307,20190306,73,164030073,233653207,25803,N,1,51,201903
20190307,20190306,73,164030073,233658914,25809,N,1,52,201903
20190307,20190306,73,164030073,234435074,25808,N,1,53,201903
20190307,20190306,73,164030073,234719736,25799,N,1,54,201903
20190307,20190306,73,164030073,234956662,25777,N,5,55,201903
20190307,20190306,73,164030073,235321796,25771,N,1,56,201903
20190307,20190306,73,164030073,235547551,25781,N,1,57,201903
20190307,20190306,73,164030073,000621025,25780,N,1,58,201903
20190307,20190306,73,164030073,000630328,25781,N,1,59,201903
20190307,20190306,73,164030073,002140573,25751,N,1,60,201903
20190307,20190306,73,164030073,002231470,25747,N,1,61,201903
20190307,20190306,73,164030073,002249501,25753,N,1,62,201903
20190307,20190306,73,164030073,002733482,25752,N,1,63,201903
20190307,20190306,73,164030073,002734765,25754,N,1,64,201903
20190307,20190306,73,164030073,002951092,25743,N,1,65,201903
20190307,20190306,73,164030073,002954819,25737,N,1,66,201903
20190307,20190306,73,164030073,003027214,25741,N,1,67,201903
20190307,20190306,73,164030073,003256577,25720,N,1,68,201903
20190307,20190306,73,164030073,003344060,25700,N,2,69,201903
20190307,20190306,73,164030073,003541464,25704,N,1,70,201903
20190307,20190306,73,164030073,003840941,25716,N,1,71,201903
20190307,20190306,73,164030073,004022305,25715,N,1,72,201903
20190307,20190306,73,164030073,004121655,25713,N,1,73,201903
20190307,20190306,73,164030073,004729626,25717,N,5,74,201903
20190307,20190306,73,164030073,005150920,25717,N,1,75,201903
20190307,20190306,73,164030073,005253382,25716,N,3,76,201903
20190307,20190306,73,164030073,010209394,25725,N,1,77,201903
20190307,20190306,73,164030073,010259756,25724,N,3,78,201903
20190307,20190306,73,164030073,010445738,25736,N,2,79,201903
20190307,20190306,73,164030073,012036260,25740,N,1,80,201903
20190307,20190306,73,164030073,012254415,25710,N,1,81,201903
20190307,20190306,73,164030073,012519360,25703,N,1,82,201903
20190307,20190306,73,164030073,012640214,25712,N,1,83,201903
20190307,20190306,73,164030073,013035390,25720,N,1,84,201903
20190307,20190306,73,164030073,013108510,25725,N,1,85,201903
20190307,20190306,73,164030073,013124012,25723,N,1,86,201903
20190307,20190306,73,164030073,013219064,25724,N,2,87,201903
20190307,20190306,73,164030073,013610484,25710,N,1,88,201903
20190307,20190306,73,164030073,014029571,25709,N,1,89,201903
20190307,20190306,73,164030073,014305448,25689,N,10,90,201903
20190307,20190306,73,164030073,014305451,25688,N,1,91,201903
20190307,20190306,73,164030073,014305452,25682,N,11,92,201903
20190307,20190306,73,164030073,014318249,25691,N,7,93,201903
20190307,20190306,73,164030073,014744942,25692,N,1,94,201903
20190307,20190306,73,164030073,014948759,25675,N,5,95,201903
20190307,20190306,73,164030073,014954831,25676,N,10,96,201903
20190307,20190306,73,164030073,015002287,25676,N,10,97,201903
20190307,20190306,73,164030073,015003996,25676,N,10,98,201903
20190307,20190306,73,164030073,015013370,25661,N,1,99,201903
20190307,20190306,73,164030073,015038552,25662,N,10,100,201903
20190307,20190306,73,164030073,015046125,25660,N,10,101,201903
20190307,20190306,73,164030073,015048475,25658,N,10,102,201903
20190307,20190306,73,164030073,015101260,25655,N,10,103,201903
20190307,20190306,73,164030073,015148216,25650,N,10,104,201903
20190307,20190306,73,164030073,015200400,25650,N,2,105,201903
20190307,20190306,73,164030073,015341424,25651,N,1,106,201903
20190307,20190306,73,164030073,015347506,25649,N,2,107,201903
20190307,20190306,73,164030073,015431708,25645,N,1,108,201903
20190307,20190306,73,164030073,015519676,25656,N,1,109,201903
20190307,20190306,73,164030073,020105764,25667,N,1,110,201903
20190307,20190306,73,164030073,020224979,25689,N,1,111,201903
20190307,20190306,73,164030073,020248929,25686,N,1,112,201903
20190307,20190306,73,164030073,020300146,25684,N,6,113,201903
20190307,20190306,73,164030073,020305294,25681,N,1,114,201903
20190307,20190306,73,164030073,021100557,25698,N,1,115,201903
20190307,20190306,73,164030073,023254494,25674,N,1,116,201903
20190307,20190306,73,164030073,023732414,25691,N,1,117,201903
20190307,20190306,73,164030073,023845540,25693,N,2,118,201903
20190307,20190306,73,164030073,025318760,25653,N,1,119,201903
20190307,20190306,73,164030073,025349862,25652,N,1,120,201903
20190307,20190306,73,164030073,025540992,25647,N,1,121,201903
20190307,20190306,73,164030073,025548171,25645,N,1,122,201903
20190307,20190306,73,164030073,025608273,25643,N,1,123,201903
20190307,20190306,73,164030073,025911635,25642,N,1,124,201903
20190307,20190306,73,164030073,030019369,25644,N,1,125,201903
20190307,20190306,73,164030073,030050243,25643,N,1,126,201903
20190307,20190306,73,164030073,030345315,25643,N,6,127,201903
20190307,20190306,73,164030073,030436596,25640,N,2,128,201903
20190307,20190306,73,164030073,031049240,25640,N,11,129,201903
20190307,20190306,73,164030073,031052060,25640,N,4,130,201903
20190307,20190306,73,164030073,031208542,25641,N,1,131,201903
20190307,20190306,73,164030073,031252712,25642,N,1,132,201903
20190307,20190306,73,164030073,031531060,25636,N,1,133,201903
20190307,20190306,73,164030073,031746446,25650,N,10,134,201903
20190307,20190306,73,164030073,031754554,25645,N,1,135,201903
20190307,20190306,73,164030073,032015341,25647,N,1,136,201903
20190307,20190306,73,164030073,032725506,25649,N,1,137,201903
20190307,20190306,73,164030073,033411113,25672,N,2,138,201903
20190307,20190306,73,164030073,033612228,25652,N,1,139,201903
20190307,20190306,73,164030073,033614505,25654,N,1,140,201903
20190307,20190306,73,164030073,033616124,25655,N,1,141,201903
20190307,20190306,73,164030073,033802443,25658,N,1,142,201903
20190307,20190306,73,164030073,033807682,25651,N,1,143,201903
20190307,20190306,73,164030073,034105368,25678,N,1,144,201903
20190307,20190306,73,164030073,035854639,25703,N,10,145,201903
20190307,20190306,73,164030073,040127246,25693,N,1,146,201903
20190307,20190306,73,164030073,041151062,25709,N,3,147,201903
20190307,20190306,73,164030073,041225887,25711,N,3,148,201903
20190307,20190306,73,164030073,041643903,25696,N,4,149,201903
20190307,20190306,73,164030073,042212899,25703,N,22,150,201903
20190307,20190306,73,164030073,042212899,25704,N,20,151,201903
20190307,20190306,73,164030073,042213901,25704,N,11,152,201903
20190307,20190306,73,164030073,042214903,25704,N,11,153,201903
20190307,20190306,73,164030073,042215906,25704,N,11,154,201903
20190307,20190306,73,164030073,042216908,25704,N,5,155,201903
20190307,20190306,73,164030073,042405077,25704,N,3,156,201903
20190307,20190306,73,164030073,042707348,25699,N,2,157,201903
20190307,20190306,73,164030073,043323993,25693,N,4,158,201903
20190307,20190306,73,164030073,043324632,25693,N,46,159,201903
20190307,20190306,73,164030073,043406796,25681,N,11,160,201903
20190307,20190306,73,164030073,043409296,25681,N,11,161,201903
20190307,20190306,73,164030073,043420297,25681,N,11,162,201903
20190307,20190306,73,164030073,043421298,25681,N,11,163,201903
20190307,20190306,73,164030073,043446779,25681,N,6,164,201903
20190307,20190306,73,164030073,043453089,25665,N,2,165,201903
20190307,20190306,73,164030073,044210571,25671,N,2,166,201903
20190307,20190306,73,164030073,050628772,25674,N,1,167,201903
20190307,20190306,73,164030073,050802334,25671,N,2,168,201903
20190307,20190306,73,164030073,051714955,25656,N,10,169,201903
20190307,20190306,73,164030073,051748014,25658,N,10,170,201903
20190307,20190306,73,164030073,051751970,25657,N,10,171,201903
20190307,20190306,73,164030073,051752435,25654,N,1,172,201903
20190307,20190306,73,164030073,051759218,25654,N,9,173,201903
20190307,20190306,73,164030073,051800341,25655,N,10,174,201903
20190307,20190306,73,164030073,051804650,25655,N,1,175,201903
20190307,20190306,73,164030073,051805653,25655,N,9,176,201903
20190307,20190306,73,164030073,051810436,25656,N,2,177,201903
20190307,20190306,73,164030073,051811439,25656,N,8,178,201903
20190307,20190306,73,164030073,051840197,25655,N,10,179,201903
20190307,20190306,73,164030073,051840538,25654,N,1,180,201903
20190307,20190306,73,164030073,051840538,25654,N,3,181,201903
20190307,20190306,73,164030073,051841638,25654,N,6,182,201903
20190307,20190306,73,164030073,052003469,25665,E,10,183,201903
20190307,20190307,73,164030073,084501051,25668,O,4,184,201903
20190307,20190307,73,164030073,084657089,25664,N,4,185,201903
20190307,20190307,73,164030073,084822365,25672,N,1,186,201903
20190307,20190307,73,164030073,084937546,25670,N,1,187,201903
20190307,20190307,73,164030073,085457962,25665,N,1,188,201903
20190307,20190307,73,164030073,085518950,25660,N,1,189,201903
20190307,20190307,73,164030073,085644569,25645,N,1,190,201903
20190307,20190307,73,164030073,090352009,25632,N,1,191,201903
20190307,20190307,73,164030073,090506153,25624,N,1,192,201903
20190307,20190307,73,164030073,090549906,25630,N,1,193,201903
20190307,20190307,73,164030073,090925728,25620,N,1,194,201903
20190307,20190307,73,164030073,090929550,25620,N,1,195,201903
20190307,20190307,73,164030073,091607084,25630,N,1,196,201903
20190307,20190307,73,164030073,091722097,25628,N,1,197,201903
20190307,20190307,73,164030073,091912105,25620,N,1,198,201903
20190307,20190307,73,164030073,092015267,25620,N,1,199,201903
20190307,20190307,73,164030073,092015268,25620,N,1,200,201903
20190307,20190307,73,164030073,092151964,25625,N,1,201,201903
20190307,20190307,73,164030073,092355012,25626,N,1,202,201903
20190307,20190307,73,164030073,092752272,25626,N,1,203,201903
20190307,20190307,73,164030073,093311177,25629,N,1,204,201903
20190307,20190307,73,164030073,093325541,25629,N,5,205,201903
20190307,20190307,73,164030073,094314641,25632,N,1,206,201903
20190307,20190307,73,164030073,094645963,25629,N,1,207,201903
20190307,20190307,73,164030073,094839112,25630,N,1,208,201903
20190307,20190307,73,164030073,094839112,25629,N,1,209,201903
20190307,20190307,73,164030073,095641575,25618,N,1,210,201903
20190307,20190307,73,164030073,100029211,25623,N,1,211,201903
20190307,20190307,73,164030073,100029211,25624,N,1,212,201903
20190307,20190307,73,164030073,100029211,25625,N,3,213,201903
20190307,20190307,73,164030073,101337212,25643,N,1,214,201903
20190307,20190307,73,164030073,101914319,25645,N,1,215,201903
20190307,20190307,73,164030073,102351317,25640,N,1,216,201903
20190307,20190307,73,164030073,102801574,25633,N,2,217,201903
20190307,20190307,73,164030073,104727610,25640,N,1,218,201903
20190307,20190307,73,164030073,105045714,25637,N,1,219,201903
20190307,20190307,73,164030073,105055744,25638,N,4,220,201903
20190307,20190307,73,164030073,105450615,25629,N,1,221,201903
20190307,20190307,73,164030073,105504151,25626,N,1,222,201903
20190307,20190307,73,164030073,111721538,25641,N,1,223,201903
20190307,20190307,73,164030073,112446387,25645,N,1,224,201903
20190307,20190307,73,164030073,115632323,25632,N,3,225,201903
20190307,20190307,73,164030073,120221008,25630,N,5,226,201903
20190307,20190307,73,164030073,120511320,25628,N,1,227,201903
20190307,20190307,73,164030073,120539617,25619,N,1,228,201903
20190307,20190307,73,164030073,120541621,25620,N,2,229,201903
20190307,20190307,73,164030073,120726040,25620,N,5,230,201903
20190307,20190307,73,164030073,121410592,25631,N,1,231,201903
20190307,20190307,73,164030073,122958334,25632,N,1,232,201903
20190307,20190307,73,164030073,124703190,25630,N,10,233,201903
20190307,20190307,73,164030073,124843301,25626,N,1,234,201903
20190307,20190307,73,164030073,131131106,25632,N,1,235,201903
20190307,20190307,73,164030073,131952909,25628,N,10,236,201903
20190307,20190307,73,164030073,133522895,25618,N,1,237,201903
20190307,20190307,73,164030073,134005777,25615,N,1,238,201903
20190307,20190307,73,164030073,134105093,25619,N,1,239,201903
20190307,20190307,73,164030073,134351543,25613,N,1,240,201903
20190307,20190307,73,164030073,135358734,25616,N,1,241,201903
20190307,20190307,73,164030073,140313632,25610,N,2,242,201903
20190307,20190307,73,164030073,141339789,25610,N,1,243,201903
20190307,20190307,73,164030073,142140767,25609,N,1,244,201903
20190307,20190307,73,164030073,142140767,25608,N,3,245,201903
20190307,20190307,73,164030073,142708596,25606,N,1,246,201903
20190307,20190307,73,164030073,142752526,25601,N,1,247,201903
20190307,20190307,73,164030073,143229491,25606,N,1,248,201903
20190307,20190307,73,164030073,143325790,25607,N,1,249,201903
20190307,20190307,73,164030073,143828687,25602,N,1,250,201903
20190307,20190307,73,164030073,144408102,25603,N,1,251,201903
20190307,20190307,73,164030073,144930505,25608,N,1,252,201903
20190307,20190307,73,164030073,145210033,25608,N,1,253,201903
20190307,20190307,73,164030073,145718436,25606,N,1,254,201903
20190307,20190307,73,164030073,150852205,25606,N,1,255,201903
20190307,20190307,73,164030073,151501008,25604,E,10,256,201903
20190307,20190306,73,164060073,163321745,25700,O,1,257,201906
20190307,20190306,73,164060073,181603719,25760,N,1,258,201906
20190307,20190306,73,164060073,181848431,25702,N,1,259,201906
20190307,20190306,73,164060073,192043589,25750,N,1,260,201906
20190307,20190306,73,164060073,192735433,25701,N,1,261,201906
20190307,20190306,73,164060073,225059702,25702,N,1,262,201906
20190307,20190306,73,164060073,002032519,25601,N,1,263,201906
20190307,20190306,73,164060073,030345437,25555,N,1,264,201906
20190307,20190306,73,164060073,030345438,25510,N,1,265,201906
20190307,20190306,73,164060073,030345438,25500,N,1,266,201906
20190307,20190306,73,164060073,031537108,25500,N,1,267,201906
20190307,20190306,73,164060073,033713165,25510,N,1,268,201906
20190307,20190306,73,164060073,041914676,25638,E,1,269,201906
20190307,20190307,73,164060073,084501051,25638,O,1,270,201906
20190307,20190307,73,164060073,095949998,25583,N,3,271,201906
20190307,20190307,73,164060073,100000103,25582,N,2,272,201906
20190307,20190307,73,164060073,100041372,25582,N,4,273,201906
20190307,20190307,73,164060073,101844265,25600,N,10,274,201906
20190307,20190307,73,164060073,104852094,25600,N,6,275,201906
20190307,20190307,73,164060073,105319652,25587,N,1,276,201906
20190307,20190307,73,164060073,105437732,25629,N,1,277,201906
20190307,20190307,73,164060073,111631230,25627,N,1,278,201906
20190307,20190307,73,164060073,111631230,25628,N,1,279,201906
20190307,20190307,73,164060073,122031388,25601,N,1,280,201906
20190307,20190307,73,164060073,130939425,25589,N,1,281,201906
20190307,20190307,73,164060073,131110619,25593,N,5,282,201906
20190307,20190307,73,164060073,131130220,25500,N,2,283,201906
20190307,20190307,73,164060073,133950840,25515,N,2,284,201906
20190307,20190307,73,164060073,140156860,25520,N,2,285,201906
20190307,20190307,73,164060073,142738047,25565,N,9,286,201906
20190307,20190307,73,164060073,143052509,25570,N,1,287,201906
20190307,20190307,73,164060073,143206555,25623,E,1,288,201906
20190307,20190306,73,164120073,003615191,25600,O,1,289,201912
20190307,20190307,73,164120073,134016331,25510,O,1,290,201912
20190308,20190307,73,164030073,163001046,25553,O,3,1,201903
20190308,20190307,73,164030073,163001056,25553,N,1,2,201903
20190308,20190307,73,164030073,163001056,25553,N,3,3,201903
20190308,20190307,73,164030073,163343772,25552,N,2,4,201903
20190308,20190307,73,164030073,163403380,25557,N,1,5,201903
20190308,20190307,73,164030073,163433012,25550,N,1,6,201903
20190308,20190307,73,164030073,163640972,25552,N,1,7,201903
20190308,20190307,73,164030073,164221974,25556,N,10,8,201903
20190308,20190307,73,164030073,165142913,25557,N,1,9,201903
20190308,20190307,73,164030073,165301019,25561,N,1,10,201903
20190308,20190307,73,164030073,165852344,25568,N,3,11,201903
20190308,20190307,73,164030073,170054036,25575,N,1,12,201903
20190308,20190307,73,164030073,170413963,25563,N,1,13,201903
20190308,20190307,73,164030073,170414262,25564,N,1,14,201903
20190308,20190307,73,164030073,170417996,25565,N,1,15,201903
20190308,20190307,73,164030073,170513247,25571,N,1,16,201903
20190308,20190307,73,164030073,170539294,25561,N,2,17,201903
20190308,20190307,73,164030073,171246018,25568,N,1,18,201903
20190308,20190307,73,164030073,171317466,25574,N,1,19,201903
20190308,20190307,73,164030073,171434824,25572,N,1,20,201903
20190308,20190307,73,164030073,171536846,25577,N,1,21,201903
20190308,20190307,73,164030073,172537201,25572,N,5,22,201903
20190308,20190307,73,164030073,172907093,25570,N,1,23,201903
20190308,20190307,73,164030073,172935072,25567,N,3,24,201903
20190308,20190307,73,164030073,173407780,25567,N,5,25,201903
20190308,20190307,73,164030073,173552093,25564,N,1,26,201903
20190308,20190307,73,164030073,173716363,25569,N,1,27,201903
20190308,20190307,73,164030073,174717097,25570,N,1,28,201903
20190308,20190307,73,164030073,174924263,25570,N,1,29,201903
20190308,20190307,73,164030073,175030132,25574,N,9,30,201903
20190308,20190307,73,164030073,175703541,25582,N,1,31,201903
20190308,20190307,73,164030073,175850587,25576,N,1,32,201903
20190308,20190307,73,164030073,180121647,25574,N,1,33,201903
20190308,20190307,73,164030073,180354907,25586,N,2,34,201903
20190308,20190307,73,164030073,180540614,25585,N,1,35,201903
20190308,20190307,73,164030073,180606551,25586,N,3,36,201903
20190308,20190307,73,164030073,181746338,25585,N,1,37,201903
20190308,20190307,73,164030073,182124151,25581,N,1,38,201903
20190308,20190307,73,164030073,183300921,25586,N,1,39,201903
20190308,20190307,73,164030073,184929339,25585,N,1,40,201903
