Trade_Date,Make_Date,Index_Type,Security_Code,Time,Trade_Price,Price_Type,Trade_Volume,No,Contract_Month
20190201,20190131,73,164030073,163001046,24966,O,3,1,201903
20190201,20190131,73,164030073,163535627,24958,N,1,2,201903
20190201,20190131,73,164030073,164618656,24953,N,1,3,201903
20190201,20190131,73,164030073,170140020,24955,N,1,4,201903
20190201,20190131,73,164030073,171107535,24975,N,6,5,201903
20190201,20190131,73,164030073,172853246,24996,N,1,6,201903
20190201,20190131,73,164030073,172859441,24996,N,4,7,201903
20190201,20190131,73,164030073,173106926,24997,N,1,8,201903
20190201,20190131,73,164030073,173126308,24997,N,1,9,201903
20190201,20190131,73,164030073,173439552,24997,N,3,10,201903
20190201,20190131,73,164030073,173710852,24987,N,1,11,201903
20190201,20190131,73,164030073,173718574,24987,N,1,12,201903
20190201,20190131,73,164030073,174450300,24985,N,1,13,201903
20190201,20190131,73,164030073,174752731,24975,N,5,14,201903
20190201,20190131,73,164030073,182455371,24951,N,1,15,201903
20190201,20190131,73,164030073,182502994,24951,N,1,16,201903
20190201,20190131,73,164030073,182756363,24950,N,1,17,201903
20190201,20190131,73,164030073,182914687,24950,N,1,18,201903
20190201,20190131,73,164030073,183252928,24939,N,1,19,201903
20190201,20190131,73,164030073,184347978,24955,N,10,20,201903
20190201,20190131,73,164030073,184752060,24946,N,1,21,201903
20190201,20190131,73,164030073,185457368,24934,N,1,22,201903
20190201,20190131,73,164030073,185515993,24933,N,1,23,201903
20190201,20190131,73,164030073,185527223,24934,N,4,24,201903
20190201,20190131,73,164030073,185623295,24936,N,3,25,201903
20190201,20190131,73,164030073,192432711,24928,N,1,26,201903
20190201,20190131,73,164030073,192527772,24924,N,2,27,201903
20190201,20190131,73,164030073,194006600,24940,N,8,28,201903
20190201,20190131,73,164030073,200709244,24930,N,1,29,201903
20190201,20190131,73,164030073,201021870,24930,N,1,30,201903
20190201,20190131,73,164030073,203940918,24949,N,1,31,201903
20190201,20190131,73,164030073,205632559,24940,N,1,32,201903
20190201,20190131,73,164030073,205709232,24944,N,1,33,201903
20190201,20190131,73,164030073,210301819,24930,N,4,34,201903
20190201,20190131,73,164030073,210619075,24912,N,1,35,201903
20190201,20190131,73,164030073,210619079,24910,N,6,36,201903
20190201,20190131,73,164030073,211227094,24914,N,1,37,201903
20190201,20190131,73,164030073,211942133,24919,N,1,38,201903
20190201,20190131,73,164030073,212430094,24929,N,1,39,201903
20190201,20190131,73,164030073,213836646,24900,N,21,40,201903
20190201,20190131,73,164030073,213836766,24899,N,9,41,201903
20190201,20190131,73,164030073,213901287,24898,N,11,42,201903
20190201,20190131,73,164030073,214007445,24903,N,11,43,201903
20190201,20190131,73,164030073,214007445,24902,N,10,44,201903
20190201,20190131,73,164030073,214201029,24902,N,6,45,201903
20190201,20190131,73,164030073,214201029,24902,N,4,46,201903
20190201,20190131,73,164030073,214210417,24918,N,4,47,201903
20190201,20190131,73,164030073,214210417,24918,N,7,48,201903
20190201,20190131,73,164030073,214210417,24917,N,5,49,201903
20190201,20190131,73,164030073,215153130,24928,N,10,50,201903
20190201,20190131,73,164030073,215153130,24929,N,2,51,201903
20190201,20190131,73,164030073,215153130,24929,N,8,52,201903
20190201,20190131,73,164030073,220737070,24908,N,1,53,201903
20190201,20190131,73,164030073,220832372,24903,N,3,54,201903
20190201,20190131,73,164030073,220934347,24911,N,1,55,201903
20190201,20190131,73,164030073,220955451,24911,N,3,56,201903
20190201,20190131,73,164030073,222155256,24898,N,1,57,201903
20190201,20190131,73,164030073,222221454,24886,N,1,58,201903
20190201,20190131,73,164030073,222357599,24884,N,1,59,201903
20190201,20190131,73,164030073,222526680,24882,N,4,60,201903
20190201,20190131,73,164030073,222617057,24876,N,10,61,201903
20190201,20190131,73,164030073,222644494,24873,N,22,62,201903
20190201,20190131,73,164030073,222650669,24870,N,1,63,201903
20190201,20190131,73,164030073,222650703,24870,N,1,64,201903
20190201,20190131,73,164030073,223023944,24871,N,11,65,201903
20190201,20190131,73,164030073,223130187,24879,N,2,66,201903
20190201,20190131,73,164030073,223419867,24889,N,1,67,201903
20190201,20190131,73,164030073,224910707,24860,N,11,68,201903
20190201,20190131,73,164030073,230216215,24860,N,20,69,201903
20190201,20190131,73,164030073,230451065,24870,N,10,70,201903
20190201,20190131,73,164030073,231106843,24859,N,1,71,201903
20190201,20190131,73,164030073,231147620,24857,N,1,72,201903
20190201,20190131,73,164030073,231211776,24850,N,1,73,201903
20190201,20190131,73,164030073,231246289,24851,N,1,74,201903
20190201,20190131,73,164030073,231640383,24833,N,1,75,201903
20190201,20190131,73,164030073,231856987,24830,N,2,76,201903
20190201,20190131,73,164030073,232001420,24840,N,1,77,201903
20190201,20190131,73,164030073,232003224,24838,N,1,78,201903
20190201,20190131,73,164030073,232012055,24840,N,1,79,201903
20190201,20190131,73,164030073,232526545,24830,N,1,80,201903
20190201,20190131,73,164030073,232851513,24830,N,1,81,201903
20190201,20190131,73,164030073,233211207,24841,N,1,82,201903
20190201,20190131,73,164030073,233232952,24824,N,10,83,201903
20190201,20190131,73,164030073,233234222,24823,N,2,84,201903
20190201,20190131,73,164030073,233324291,24814,N,1,85,201903
20190201,20190131,73,164030073,233324292,24814,N,2,86,201903
20190201,20190131,73,164030073,233401661,24810,N,1,87,201903
20190201,20190131,73,164030073,233557934,24800,N,1,88,201903
20190201,20190131,73,164030073,233603582,24800,N,1,89,201903
20190201,20190131,73,164030073,233609692,24810,N,10,90,201903
20190201,20190131,73,164030073,233653713,24795,N,1,91,201903
20190201,20190131,73,164030073,233727976,24800,N,10,92,201903
20190201,20190131,73,164030073,233826983,24793,N,1,93,201903
20190201,20190131,73,164030073,234121228,24789,N,5,94,201903
20190201,20190131,73,164030073,234128984,24791,N,1,95,201903
20190201,20190131,73,164030073,234157799,24790,N,2,96,201903
20190201,20190131,73,164030073,234242381,24785,N,1,97,201903
20190201,20190131,73,164030073,234746441,24812,N,2,98,201903
20190201,20190131,73,164030073,234831160,24804,N,1,99,201903
20190201,20190131,73,164030073,235138071,24800,N,10,100,201903
20190201,20190131,73,164030073,235326450,24818,N,1,101,201903
20190201,20190131,73,164030073,235351958,24819,N,1,102,201903
20190201,20190131,73,164030073,000119277,24822,N,1,103,201903
20190201,20190131,73,164030073,000210214,24815,N,1,104,201903
20190201,20190131,73,164030073,000227971,24823,N,3,105,201903
20190201,20190131,73,164030073,000630925,24833,N,1,106,201903
20190201,20190131,73,164030073,000717856,24839,N,1,107,201903
20190201,20190131,73,164030073,000733209,24841,N,1,108,201903
20190201,20190131,73,164030073,000845833,24828,N,1,109,201903
20190201,20190131,73,164030073,001022981,24828,N,1,110,201903
20190201,20190131,73,164030073,001233943,24820,N,3,111,201903
20190201,20190131,73,164030073,001326232,24834,N,3,112,201903
20190201,20190131,73,164030073,001913773,24864,N,10,113,201903
20190201,20190131,73,164030073,001913774,24870,N,3,114,201903
20190201,20190131,73,164030073,001921177,24864,N,10,115,201903
20190201,20190131,73,164030073,001947982,24866,N,10,116,201903
20190201,20190131,73,164030073,002031223,24873,N,2,117,201903
20190201,20190131,73,164030073,002214287,24865,N,1,118,201903
20190201,20190131,73,164030073,002216958,24868,N,10,119,201903
20190201,20190131,73,164030073,002402860,24880,N,1,120,201903
20190201,20190131,73,164030073,002552738,24887,N,10,121,201903
20190201,20190131,73,164030073,002620640,24888,N,1,122,201903
20190201,20190131,73,164030073,003057422,24893,N,10,123,201903
20190201,20190131,73,164030073,003057422,24892,N,21,124,201903
20190201,20190131,73,164030073,003057422,24891,N,10,125,201903
20190201,20190131,73,164030073,003057422,24890,N,4,126,201903
20190201,20190131,73,164030073,003057422,24898,N,1,127,201903
20190201,20190131,73,164030073,003113008,24900,N,1,128,201903
20190201,20190131,73,164030073,003123643,24901,N,2,129,201903
20190201,20190131,73,164030073,003134862,24912,N,10,130,201903
20190201,20190131,73,164030073,003458942,24900,N,1,131,201903
20190201,20190131,73,164030073,003704009,24898,N,1,132,201903
20190201,20190131,73,164030073,003813428,24888,N,1,133,201903
20190201,20190131,73,164030073,003932519,24900,N,1,134,201903
20190201,20190131,73,164030073,004129184,24915,N,10,135,201903
20190201,20190131,73,164030073,004158370,24914,N,1,136,201903
20190201,20190131,73,164030073,004632590,24895,N,10,137,201903
20190201,20190131,73,164030073,005902716,24858,N,10,138,201903
20190201,20190131,73,164030073,010346339,24905,N,10,139,201903
20190201,20190131,73,164030073,010353215,24905,N,10,140,201903
20190201,20190131,73,164030073,010532468,24897,N,2,141,201903
20190201,20190131,73,164030073,010730646,24876,N,10,142,201903
20190201,20190131,73,164030073,010949569,24879,N,1,143,201903
20190201,20190131,73,164030073,011022574,24878,N,11,144,201903
20190201,20190131,73,164030073,011140522,24891,N,5,145,201903
20190201,20190131,73,164030073,012344418,24874,N,2,146,201903
20190201,20190131,73,164030073,012402942,24879,N,11,147,201903
20190201,20190131,73,164030073,012712392,24885,N,1,148,201903
20190201,20190131,73,164030073,012716493,24880,N,10,149,201903
20190201,20190131,73,164030073,012850442,24885,N,11,150,201903
20190201,20190131,73,164030073,012851443,24885,N,10,151,201903
20190201,20190131,73,164030073,012851565,24885,N,1,152,201903
20190201,20190131,73,164030073,012853561,24887,N,11,153,201903
20190201,20190131,73,164030073,012855067,24886,N,11,154,201903
20190201,20190131,73,164030073,012919716,24887,N,11,155,201903
20190201,20190131,73,164030073,012920718,24888,N,10,156,201903
20190201,20190131,73,164030073,012921888,24888,N,1,157,201903
20190201,20190131,73,164030073,012924629,24887,N,11,158,201903
20190201,20190131,73,164030073,013021649,24879,N,1,159,201903
20190201,20190131,73,164030073,013514378,24885,N,10,160,201903
20190201,20190131,73,164030073,014012394,24898,N,1,161,201903
20190201,20190131,73,164030073,014012394,24898,N,1,162,201903
20190201,20190131,73,164030073,014056256,24902,N,10,163,201903
20190201,20190131,73,164030073,014800026,24930,N,1,164,201903
20190201,20190131,73,164030073,014859451,24932,N,10,165,201903
20190201,20190131,73,164030073,014859451,24933,N,20,166,201903
20190201,20190131,73,164030073,015259624,24925,N,1,167,201903
20190201,20190131,73,164030073,015333505,24929,N,1,168,201903
20190201,20190131,73,164030073,015336328,24929,N,1,169,201903
20190201,20190131,73,164030073,015349768,24936,N,1,170,201903
20190201,20190131,73,164030073,015400360,24942,N,1,171,201903
20190201,20190131,73,164030073,015413746,24949,N,21,172,201903
20190201,20190131,73,164030073,015413746,24950,N,9,173,201903
20190201,20190131,73,164030073,015413747,24950,N,1,174,201903
20190201,20190131,73,164030073,015414289,24945,N,1,175,201903
20190201,20190131,73,164030073,015825962,24970,N,10,176,201903
20190201,20190131,73,164030073,015830338,24970,N,1,177,201903
20190201,20190131,73,164030073,020416590,24950,N,1,178,201903
20190201,20190131,73,164030073,020531125,24942,N,1,179,201903
20190201,20190131,73,164030073,020531490,24940,N,1,180,201903
20190201,20190131,73,164030073,020837551,24939,N,4,181,201903
20190201,20190131,73,164030073,020837568,24948,N,10,182,201903
20190201,20190131,73,164030073,020837603,24954,N,10,183,201903
20190201,20190131,73,164030073,020837643,24959,N,10,184,201903
20190201,20190131,73,164030073,020847391,24969,N,2,185,201903
20190201,20190131,73,164030073,021828543,24930,N,1,186,201903
20190201,20190131,73,164030073,022228695,24939,N,10,187,201903
20190201,20190131,73,164030073,022232593,24939,N,10,188,201903
20190201,20190131,73,164030073,022234193,24939,N,10,189,201903
20190201,20190131,73,164030073,022251772,24938,N,10,190,201903
20190201,20190131,73,164030073,022317470,24939,N,10,191,201903
20190201,20190131,73,164030073,022748333,24920,N,1,192,201903
20190201,20190131,73,164030073,023210411,24915,N,10,193,201903
20190201,20190131,73,164030073,023509684,24930,N,1,194,201903
20190201,20190131,73,164030073,023905813,24937,N,10,195,201903
20190201,20190131,73,164030073,024411959,24910,N,1,196,201903
20190201,20190131,73,164030073,024411960,24904,N,1,197,201903
20190201,20190131,73,164030073,024411960,24904,N,1,198,201903
20190201,20190131,73,164030073,024418241,24900,N,1,199,201903
20190201,20190131,73,164030073,024423166,24890,N,1,200,201903
20190201,20190131,73,164030073,024440015,24890,N,11,201,201903
20190201,20190131,73,164030073,024440015,24889,N,10,202,201903
20190201,20190131,73,164030073,024440015,24888,N,10,203,201903
20190201,20190131,73,164030073,024440015,24885,N,10,204,201903
20190201,20190131,73,164030073,024440040,24885,N,10,205,201903
20190201,20190131,73,164030073,024440235,24885,N,9,206,201903
20190201,20190131,73,164030073,024449824,24891,N,1,207,201903
20190201,20190131,73,164030073,024456387,24890,N,10,208,201903
20190201,20190131,73,164030073,024457369,24880,N,1,209,201903
20190201,20190131,73,164030073,024517455,24881,N,10,210,201903
20190201,20190131,73,164030073,024517455,24880,N,10,211,201903
20190201,20190131,73,164030073,024517513,24880,N,10,212,201903
20190201,20190131,73,164030073,024517726,24880,N,10,213,201903
20190201,20190131,73,164030073,024517872,24880,N,10,214,201903
20190201,20190131,73,164030073,024718082,24886,N,5,215,201903
20190201,20190131,73,164030073,030146522,24886,N,1,216,201903
20190201,20190131,73,164030073,030328151,24901,N,10,217,201903
20190201,20190131,73,164030073,030612445,24923,N,10,218,201903
20190201,20190131,73,164030073,030612445,24924,N,21,219,201903
20190201,20190131,73,164030073,030612550,24924,N,11,220,201903
20190201,20190131,73,164030073,030612914,24924,N,8,221,201903
20190201,20190131,73,164030073,032845559,24896,N,10,222,201903
20190201,20190131,73,164030073,032845567,24899,N,10,223,201903
20190201,20190131,73,164030073,032845796,24903,N,10,224,201903
20190201,20190131,73,164030073,033145444,24870,N,1,225,201903
20190201,20190131,73,164030073,033302722,24871,N,1,226,201903
20190201,20190131,73,164030073,035043804,24900,N,1,227,201903
20190201,20190131,73,164030073,040331111,24918,N,10,228,201903
20190201,20190131,73,164030073,040348324,24922,N,2,229,201903
20190201,20190131,73,164030073,041854896,24887,N,1,230,201903
20190201,20190131,73,164030073,045201266,24900,N,1,231,201903
20190201,20190131,73,164030073,051126245,24877,N,1,232,201903
20190201,20190131,73,164030073,052129024,24890,E,1,233,201903
20190201,20190201,73,164030073,085157553,24975,O,10,234,201903
20190201,20190201,73,164030073,085404864,24966,N,1,235,201903
20190201,20190201,73,164030073,085656897,24976,N,1,236,201903
20190201,20190201,73,164030073,090042588,24979,N,1,237,201903
20190201,20190201,73,164030073,090058702,24981,N,1,238,201903
20190201,20190201,73,164030073,090145441,24983,N,1,239,201903
20190201,20190201,73,164030073,090303301,24998,N,1,240,201903
20190201,20190201,73,164030073,090336325,24995,N,1,241,201903
20190201,20190201,73,164030073,090357113,24997,N,5,242,201903
20190201,20190201,73,164030073,090415447,24999,N,5,243,201903
20190201,20190201,73,164030073,090425843,25000,N,6,244,201903
20190201,20190201,73,164030073,090425844,25005,N,1,245,201903
20190201,20190201,73,164030073,090442030,25005,N,1,246,201903
20190201,20190201,73,164030073,090458467,24998,N,1,247,201903
20190201,20190201,73,164030073,090541317,25003,N,1,248,201903
20190201,20190201,73,164030073,090558314,25005,N,1,249,201903
20190201,20190201,73,164030073,090558644,25005,N,2,250,201903
20190201,20190201,73,164030073,090629565,25003,N,3,251,201903
20190201,20190201,73,164030073,090635995,25009,N,3,252,201903
20190201,20190201,73,164030073,090926466,25019,N,2,253,201903
20190201,20190201,73,164030073,090926583,25023,N,1,254,201903
20190201,20190201,73,164030073,090926584,25025,N,1,255,201903
20190201,20190201,73,164030073,090933975,25024,N,1,256,201903
20190201,20190201,73,164030073,091002532,25018,N,3,257,201903
20190201,20190201,73,164030073,091014130,25015,N,2,258,201903
20190201,20190201,73,164030073,091059729,25010,N,1,259,201903
20190201,20190201,73,164030073,091217008,25010,N,2,260,201903
20190201,20190201,73,164030073,091236236,25015,N,1,261,201903
20190201,20190201,73,164030073,092139863,25028,N,1,262,201903
20190201,20190201,73,164030073,092139868,25028,N,1,263,201903
20190201,20190201,73,164030073,092153273,25025,N,1,264,201903
20190201,20190201,73,164030073,092219693,25023,N,1,265,201903
20190201,20190201,73,164030073,092234089,25025,N,1,266,201903
20190201,20190201,73,164030073,092245583,25023,N,1,267,201903
20190201,20190201,73,164030073,092319270,25021,N,1,268,201903
20190201,20190201,73,164030073,092415812,25018,N,1,269,201903
20190201,20190201,73,164030073,092428185,25020,N,1,270,201903
20190201,20190201,73,164030073,092459410,25018,N,1,271,201903
20190201,20190201,73,164030073,092520969,25020,N,1,272,201903
20190201,20190201,73,164030073,092915018,25025,N,1,273,201903
20190201,20190201,73,164030073,093305121,25029,N,5,274,201903
20190201,20190201,73,164030073,093613510,25035,N,11,275,201903
20190201,20190201,73,164030073,093626930,25036,N,1,276,201903
20190201,20190201,73,164030073,093644947,25035,N,11,277,201903
20190201,20190201,73,164030073,093729583,25035,N,1,278,201903
20190201,20190201,73,164030073,093807444,25038,N,5,279,201903
20190201,20190201,73,164030073,095050117,25014,N,1,280,201903
20190201,20190201,73,164030073,095138441,25018,N,1,281,201903
20190201,20190201,73,164030073,095641819,25024,N,1,282,201903
20190201,20190201,73,164030073,095820300,25021,N,1,283,201903
20190201,20190201,73,164030073,100120967,25018,N,8,284,201903
20190201,20190201,73,164030073,100237465,25015,N,1,285,201903
20190201,20190201,73,164030073,100237465,25014,N,1,286,201903
20190201,20190201,73,164030073,100944248,25026,N,1,287,201903
20190201,20190201,73,164030073,101406553,25048,N,11,288,201903
20190201,20190201,73,164030073,101520018,25053,N,2,289,201903
20190201,20190201,73,164030073,101549576,25050,N,1,290,201903
20190201,20190201,73,164030073,101715193,25042,N,1,291,201903
20190201,20190201,73,164030073,102059452,25036,N,1,292,201903
20190201,20190201,73,164030073,102059452,25035,N,4,293,201903
20190201,20190201,73,164030073,102414023,25029,N,1,294,201903
20190201,20190201,73,164030073,103433753,24994,N,1,295,201903
20190201,20190201,73,164030073,103547630,24996,N,20,296,201903
20190201,20190201,73,164030073,103617568,24996,N,1,297,201903
20190201,20190201,73,164030073,104500061,24995,N,22,298,201903
20190201,20190201,73,164030073,104500064,24996,N,1,299,201903
20190201,20190201,73,164030073,104500069,24996,N,10,300,201903
20190201,20190201,73,164030073,104500069,24995,N,2,301,201903
20190201,20190201,73,164030073,104500069,24995,N,1,302,201903
20190201,20190201,73,164030073,104500069,24995,N,6,303,201903
20190201,20190201,73,164030073,104500069,24993,N,1,304,201903
20190201,20190201,73,164030073,104500070,24981,N,1,305,201903
20190201,20190201,73,164030073,104500095,24980,N,1,306,201903
20190201,20190201,73,164030073,104500101,24980,N,11,307,201903
20190201,20190201,73,164030073,104500128,24980,N,5,308,201903
20190201,20190201,73,164030073,104500258,24980,N,3,309,201903
20190201,20190201,73,164030073,104500519,24970,N,10,310,201903
20190201,20190201,73,164030073,104631958,24980,N,4,311,201903
20190201,20190201,73,164030073,105246784,24990,N,1,312,201903
20190201,20190201,73,164030073,105449707,24988,N,10,313,201903
20190201,20190201,73,164030073,105450499,24988,N,10,314,201903
20190201,20190201,73,164030073,110101029,24970,N,1,315,201903
20190201,20190201,73,164030073,110129938,24980,N,1,316,201903
20190201,20190201,73,164030073,112700316,24991,N,10,317,201903
20190201,20190201,73,164030073,112803672,24992,N,5,318,201903
20190201,20190201,73,164030073,112926688,24986,N,2,319,201903
20190201,20190201,73,164030073,114421483,24986,N,5,320,201903
20190201,20190201,73,164030073,115513797,25000,N,2,321,201903
20190201,20190201,73,164030073,115635789,25004,N,1,322,201903
20190201,20190201,73,164030073,120540676,24990,N,2,323,201903
20190201,20190201,73,164030073,121212948,25000,N,1,324,201903
20190201,20190201,73,164030073,122212668,25009,N,1,325,201903
20190201,20190201,73,164030073,123121557,25009,N,1,326,201903
20190201,20190201,73,164030073,123819602,25000,N,1,327,201903
20190201,20190201,73,164030073,123926777,25006,N,10,328,201903
20190201,20190201,73,164030073,123930373,25001,N,1,329,201903
20190201,20190201,73,164030073,130522929,24990,N,1,330,201903
20190201,20190201,73,164030073,132028710,24990,N,1,331,201903
20190201,20190201,73,164030073,132357782,24989,N,1,332,201903
20190201,20190201,73,164030073,132357782,24987,N,2,333,201903
20190201,20190201,73,164030073,132451694,24989,N,3,334,201903
20190201,20190201,73,164030073,134602005,24985,N,1,335,201903
20190201,20190201,73,164030073,134610859,24985,N,1,336,201903
20190201,20190201,73,164030073,134612118,24985,N,3,337,201903
20190201,20190201,73,164030073,135606568,24981,N,1,338,201903
20190201,20190201,73,164030073,140132397,24974,N,1,339,201903
20190201,20190201,73,164030073,143741793,24963,N,1,340,201903
20190201,20190201,73,164030073,143741796,24961,N,1,341,201903
20190201,20190201,73,164030073,143741796,24961,N,2,342,201903
20190201,20190201,73,164030073,143753833,24960,N,2,343,201903
20190201,20190201,73,164030073,143753924,24960,N,3,344,201903
20190201,20190201,73,164030073,144434951,24966,N,1,345,201903
20190201,20190201,73,164030073,144459279,24965,N,1,346,201903
20190201,20190201,73,164030073,144711474,24963,N,5,347,201903
20190201,20190201,73,164030073,144845857,24973,N,5,348,201903
20190201,20190201,73,164030073,144954361,24968,N,1,349,201903
20190201,20190201,73,164030073,145812461,24970,N,1,350,201903
20190201,20190201,73,164030073,145904334,24970,N,5,351,201903
20190201,20190201,73,164030073,145946366,24971,N,2,352,201903
20190201,20190201,73,164030073,150000630,24964,N,1,353,201903
20190201,20190201,73,164030073,150648982,24965,N,3,354,201903
20190201,20190201,73,164030073,150836824,24971,N,4,355,201903
20190201,20190201,73,164030073,150909497,24972,N,3,356,201903
20190201,20190201,73,164030073,151501008,24971,E,1,357,201903
20190201,20190131,73,164060073,173440603,24945,O,3,358,201906
20190201,20190131,73,164060073,173705130,24945,N,1,359,201906
20190201,20190131,73,164060073,173720997,24945,N,1,360,201906
20190201,20190131,73,164060073,212351794,24945,N,1,361,201906
20190201,20190131,73,164060073,232133021,24712,N,1,362,201906
20190201,20190131,73,164060073,233203725,24900,E,1,363,201906
20190201,20190201,73,164060073,090225355,24900,O,9,364,201906
20190201,20190201,73,164060073,090317234,24900,N,10,365,201906
20190201,20190201,73,164060073,090354307,24900,N,4,366,201906
20190201,20190201,73,164060073,090402168,24900,N,6,367,201906
20190201,20190201,73,164060073,090905840,24900,N,5,368,201906
20190201,20190201,73,164060073,090916987,24900,N,2,369,201906
20190201,20190201,73,164060073,090941089,24900,N,3,370,201906
20190201,20190201,73,164060073,112642106,24900,N,10,371,201906
20190201,20190201,73,164060073,112707675,24900,N,10,372,201906
20190201,20190201,73,164060073,123716822,24801,E,2,373,201906
20190204,20190201,73,164030073,163001046,25009,O,3,1,201903
20190204,20190201,73,164030073,163736138,25005,N,1,2,201903
20190204,20190201,73,164030073,164310438,25007,N,5,3,201903
20190204,20190201,73,164030073,164457593,25011,N,1,4,201903
20190204,20190201,73,164030073,164657231,25011,N,1,5,201903
20190204,20190201,73,164030073,165652188,24997,N,10,6,201903
20190204,20190201,73,164030073,165731998,24993,N,1,7,201903
20190204,20190201,73,164030073,165750555,25000,N,1,8,201903
20190204,20190201,73,164030073,171437973,24989,N,1,9,201903
20190204,20190201,73,164030073,174301951,25010,N,10,10,201903
20190204,20190201,73,164030073,175557776,24990,N,1,11,201903
20190204,20190201,73,164030073,180321496,24990,N,5,12,201903
20190204,20190201,73,164030073,181835280,24996,N,1,13,201903
20190204,20190201,73,164030073,184515628,24980,N,1,14,201903
20190204,20190201,73,164030073,185612924,24990,N,1,15,201903
20190204,20190201,73,164030073,194153436,24973,N,1,16,201903
20190204,20190201,73,164030073,194236999,24968,N,1,17,201903
20190204,20190201,73,164030073,195805222,24981,N,2,18,201903
20190204,20190201,73,164030073,195910313,24983,N,1,19,201903
20190204,20190201,73,164030073,201427367,24990,N,1,20,201903
20190204,20190201,73,164030073,202044228,24990,N,1,21,201903
20190204,20190201,73,164030073,205846417,24982,N,3,22,201903
20190204,20190201,73,164030073,211117261,24980,N,1,23,201903
20190204,20190201,73,164030073,211154956,24980,N,1,24,201903
20190204,20190201,73,164030073,211423756,24973,N,9,25,201903
20190204,20190201,73,164030073,211423757,24972,N,11,26,201903
20190204,20190201,73,164030073,211423759,24976,N,10,27,201903
20190204,20190201,73,164030073,211433769,24971,N,11,28,201903
20190204,20190201,73,164030073,211801558,24965,N,1,29,201903
20190204,20190201,73,164030073,214005255,24964,N,1,30,201903
20190204,20190201,73,164030073,214033389,24961,N,2,31,201903
20190204,20190201,73,164030073,214812153,24960,N,3,32,201903
20190204,20190201,73,164030073,215627827,24945,N,1,33,201903
20190204,20190201,73,164030073,220137308,24932,N,1,34,201903
20190204,20190201,73,164030073,221046403,24944,N,10,35,201903
20190204,20190201,73,164030073,222605282,24944,N,20,36,201903
20190204,20190201,73,164030073,222605749,24946,N,10,37,201903
20190204,20190201,73,164030073,222653848,24947,N,1,38,201903
20190204,20190201,73,164030073,223027225,24999,N,5,39,201903
20190204,20190201,73,164030073,223106700,24999,N,1,40,201903
20190204,20190201,73,164030073,223322719,25000,N,2,41,201903
20190204,20190201,73,164030073,223322719,25010,N,1,42,201903
20190204,20190201,73,164030073,223352649,25005,N,1,43,201903
20190204,20190201,73,164030073,223451475,25005,N,1,44,201903
20190204,20190201,73,164030073,223528046,25010,N,10,45,201903
20190204,20190201,73,164030073,223528047,25011,N,10,46,201903
20190204,20190201,73,164030073,223604361,25020,N,1,47,201903
20190204,20190201,73,164030073,223610986,25027,N,20,48,201903
20190204,20190201,73,164030073,223612102,25030,N,2,49,201903
20190204,20190201,73,164030073,223657913,25033,N,1,50,201903
20190204,20190201,73,164030073,223659979,25033,N,1,51,201903
20190204,20190201,73,164030073,223735534,25028,N,10,52,201903
20190204,20190201,73,164030073,223832945,25034,N,2,53,201903
20190204,20190201,73,164030073,223934346,25028,N,1,54,201903
20190204,20190201,73,164030073,223938773,25036,N,1,55,201903
20190204,20190201,73,164030073,224205651,25034,N,2,56,201903
20190204,20190201,73,164030073,224217061,25027,N,10,57,201903
20190204,20190201,73,164030073,224245680,25033,N,5,58,201903
20190204,20190201,73,164030073,224626311,25023,N,1,59,201903
20190204,20190201,73,164030073,224631677,25023,N,1,60,201903
20190204,20190201,73,164030073,225309997,25020,N,1,61,201903
20190204,20190201,73,164030073,225311253,25022,N,5,62,201903
20190204,20190201,73,164030073,225532982,25019,N,5,63,201903
20190204,20190201,73,164030073,225830477,25022,N,5,64,201903
20190204,20190201,73,164030073,230207899,25025,N,1,65,201903
20190204,20190201,73,164030073,230321956,25028,N,1,66,201903
20190204,20190201,73,164030073,230813547,25028,N,1,67,201903
20190204,20190201,73,164030073,231240191,25030,N,2,68,201903
20190204,20190201,73,164030073,231757665,25021,N,1,69,201903
20190204,20190201,73,164030073,231804570,25019,N,11,70,201903
20190204,20190201,73,164030073,231913091,25013,N,22,71,201903
20190204,20190201,73,164030073,231913094,25012,N,8,72,201903
20190204,20190201,73,164030073,231913097,25012,N,2,73,201903
20190204,20190201,73,164030073,232116853,25004,N,1,74,201903
20190204,20190201,73,164030073,232455603,25002,N,1,75,201903
20190204,20190201,73,164030073,232522378,25002,N,9,76,201903
20190204,20190201,73,164030073,232604285,25005,N,1,77,201903
20190204,20190201,73,164030073,232752438,25013,N,2,78,201903
20190204,20190201,73,164030073,233000213,25010,N,1,79,201903
20190204,20190201,73,164030073,233000217,25008,N,10,80,201903
20190204,20190201,73,164030073,233000257,25011,N,10,81,201903
20190204,20190201,73,164030073,233039441,25021,N,1,82,201903
20190204,20190201,73,164030073,233045586,25022,N,1,83,201903
20190204,20190201,73,164030073,233118631,25023,N,1,84,201903
20190204,20190201,73,164030073,233134859,25035,N,1,85,201903
20190204,20190201,73,164030073,233141589,25032,N,10,86,201903
20190204,20190201,73,164030073,233156243,25026,N,1,87,201903
20190204,20190201,73,164030073,233227822,25004,N,5,88,201903
20190204,20190201,73,164030073,233232724,25000,N,1,89,201903
20190204,20190201,73,164030073,233238935,25000,N,5,90,201903
20190204,20190201,73,164030073,233402251,24992,N,5,91,201903
20190204,20190201,73,164030073,233415232,24990,N,10,92,201903
20190204,20190201,73,164030073,233611898,25000,N,1,93,201903
20190204,20190201,73,164030073,233700940,25000,N,5,94,201903
20190204,20190201,73,164030073,233734582,24996,N,1,95,201903
20190204,20190201,73,164030073,233921743,25000,N,1,96,201903
20190204,20190201,73,164030073,233924050,24995,N,1,97,201903
20190204,20190201,73,164030073,233957494,25016,N,10,98,201903
20190204,20190201,73,164030073,234512723,25011,N,1,99,201903
20190204,20190201,73,164030073,234519755,25013,N,1,100,201903
20190204,20190201,73,164030073,234520578,25016,N,5,101,201903
20190204,20190201,73,164030073,234655377,25018,N,20,102,201903
20190204,20190201,73,164030073,234656284,25008,N,1,103,201903
20190204,20190201,73,164030073,234943483,24992,N,2,104,201903
20190204,20190201,73,164030073,235023578,24977,N,1,105,201903
20190204,20190201,73,164030073,235424254,25000,N,1,106,201903
20190204,20190201,73,164030073,235846134,24992,N,1,107,201903
20190204,20190201,73,164030073,000000063,24987,N,20,108,201903
20190204,20190201,73,164030073,000005061,25035,N,10,109,201903
20190204,20190201,73,164030073,000008585,25040,N,22,110,201903
20190204,20190201,73,164030073,000008701,25040,N,3,111,201903
20190204,20190201,73,164030073,000105699,25034,N,5,112,201903
20190204,20190201,73,164030073,000127402,25018,N,10,113,201903
20190204,20190201,73,164030073,000146143,25007,N,10,114,201903
20190204,20190201,73,164030073,000302355,25016,N,5,115,201903
20190204,20190201,73,164030073,000306498,25018,N,1,116,201903
20190204,20190201,73,164030073,000313095,25035,N,3,117,201903
20190204,20190201,73,164030073,000324887,25033,N,1,118,201903
20190204,20190201,73,164030073,000417698,25050,N,1,119,201903
20190204,20190201,73,164030073,000417699,25064,N,2,120,201903
20190204,20190201,73,164030073,000417699,25064,N,2,121,201903
20190204,20190201,73,164030073,000417699,25064,N,1,122,201903
20190204,20190201,73,164030073,000441775,25070,N,10,123,201903
20190204,20190201,73,164030073,000442239,25070,N,21,124,201903
20190204,20190201,73,164030073,000520434,25070,N,1,125,201903
20190204,20190201,73,164030073,000528445,25079,N,4,126,201903
20190204,20190201,73,164030073,000531769,25080,N,1,127,201903
20190204,20190201,73,164030073,000542440,25082,N,1,128,201903
20190204,20190201,73,164030073,000546859,25085,N,1,129,201903
20190204,20190201,73,164030073,000554534,25094,N,5,130,201903
20190204,20190201,73,164030073,000555313,25093,N,11,131,201903
20190204,20190201,73,164030073,000555313,25094,N,9,132,201903
20190204,20190201,73,164030073,000614798,25091,N,1,133,201903
20190204,20190201,73,164030073,000803162,25085,N,11,134,201903
20190204,20190201,73,164030073,000829242,25085,N,5,135,201903
20190204,20190201,73,164030073,000932858,25086,N,3,136,201903
20190204,20190201,73,164030073,001012419,25094,N,11,137,201903
20190204,20190201,73,164030073,001051937,25093,N,11,138,201903
20190204,20190201,73,164030073,001051947,25094,N,1,139,201903
20190204,20190201,73,164030073,001147983,25091,N,1,140,201903
20190204,20190201,73,164030073,001333052,25091,N,1,141,201903
20190204,20190201,73,164030073,001447880,25082,N,5,142,201903
20190204,20190201,73,164030073,001526990,25075,N,5,143,201903
20190204,20190201,73,164030073,001541817,25079,N,3,144,201903
20190204,20190201,73,164030073,001740628,25099,N,1,145,201903
20190204,20190201,73,164030073,001740655,25100,N,1,146,201903
20190204,20190201,73,164030073,002300764,25105,N,1,147,201903
20190204,20190201,73,164030073,002324465,25116,N,5,148,201903
20190204,20190201,73,164030073,002352189,25110,N,10,149,201903
20190204,20190201,73,164030073,002352189,25109,N,1,150,201903
20190204,20190201,73,164030073,002448823,25111,N,10,151,201903
20190204,20190201,73,164030073,002502515,25118,N,10,152,201903
20190204,20190201,73,164030073,002513942,25117,N,1,153,201903
20190204,20190201,73,164030073,002726648,25110,N,5,154,201903
20190204,20190201,73,164030073,002736418,25114,N,1,155,201903
20190204,20190201,73,164030073,002749346,25117,N,5,156,201903
20190204,20190201,73,164030073,002944508,25108,N,1,157,201903
20190204,20190201,73,164030073,003003685,25110,N,2,158,201903
20190204,20190201,73,164030073,003040170,25107,N,10,159,201903
20190204,20190201,73,164030073,003057523,25093,N,10,160,201903
20190204,20190201,73,164030073,003057523,25090,N,10,161,201903
20190204,20190201,73,164030073,003146597,25081,N,10,162,201903
20190204,20190201,73,164030073,003413111,25100,N,5,163,201903
20190204,20190201,73,164030073,003424224,25091,N,10,164,201903
20190204,20190201,73,164030073,003506957,25090,N,1,165,201903
20190204,20190201,73,164030073,003641352,25094,N,2,166,201903
20190204,20190201,73,164030073,003821040,25092,N,10,167,201903
20190204,20190201,73,164030073,004525154,25091,N,1,168,201903
20190204,20190201,73,164030073,004536030,25091,N,1,169,201903
20190204,20190201,73,164030073,004637778,25076,N,1,170,201903
20190204,20190201,73,164030073,004658340,25075,N,1,171,201903
20190204,20190201,73,164030073,004738630,25078,N,1,172,201903
20190204,20190201,73,164030073,004738630,25079,N,1,173,201903
20190204,20190201,73,164030073,004834305,25085,N,1,174,201903
20190204,20190201,73,164030073,004835216,25080,N,1,175,201903
20190204,20190201,73,164030073,005118373,25070,N,1,176,201903
20190204,20190201,73,164030073,005118944,25063,N,10,177,201903
20190204,20190201,73,164030073,005118946,25060,N,1,178,201903
20190204,20190201,73,164030073,005201726,25060,N,1,179,201903
20190204,20190201,73,164030073,005259178,25060,N,1,180,201903
20190204,20190201,73,164030073,005339375,25060,N,1,181,201903
20190204,20190201,73,164030073,005622764,25039,N,1,182,201903
20190204,20190201,73,164030073,005809534,25037,N,1,183,201903
20190204,20190201,73,164030073,010002178,25019,N,1,184,201903
20190204,20190201,73,164030073,010002181,25019,N,5,185,201903
20190204,20190201,73,164030073,010110663,25012,N,10,186,201903
20190204,20190201,73,164030073,010706167,25051,N,2,187,201903
20190204,20190201,73,164030073,011021620,25058,N,3,188,201903
20190204,20190201,73,164030073,011149577,25047,N,1,189,201903
20190204,20190201,73,164030073,012039158,25046,N,1,190,201903
20190204,20190201,73,164030073,012058610,25046,N,11,191,201903
20190204,20190201,73,164030073,012810424,25080,N,2,192,201903
20190204,20190201,73,164030073,013140091,25072,N,1,193,201903
20190204,20190201,73,164030073,013537769,25072,N,1,194,201903
20190204,20190201,73,164030073,013544318,25071,N,1,195,201903
20190204,20190201,73,164030073,013553267,25072,N,1,196,201903
20190204,20190201,73,164030073,014137686,25075,N,1,197,201903
20190204,20190201,73,164030073,015028067,25090,N,1,198,201903
20190204,20190201,73,164030073,015138978,25089,N,2,199,201903
20190204,20190201,73,164030073,015548734,25097,N,1,200,201903
20190204,20190201,73,164030073,015633838,25100,N,2,201,201903
20190204,20190201,73,164030073,015648285,25108,N,1,202,201903
20190204,20190201,73,164030073,015649085,25110,N,4,203,201903
20190204,20190201,73,164030073,020146331,25086,N,10,204,201903
20190204,20190201,73,164030073,020509604,25081,N,1,205,201903
20190204,20190201,73,164030073,022213328,25037,N,10,206,201903
20190204,20190201,73,164030073,022409090,25029,N,1,207,201903
20190204,20190201,73,164030073,022453486,25017,N,1,208,201903
20190204,20190201,73,164030073,022459552,25017,N,2,209,201903
20190204,20190201,73,164030073,022547385,25015,N,1,210,201903
20190204,20190201,73,164030073,022717620,25012,N,4,211,201903
20190204,20190201,73,164030073,022916996,25015,N,1,212,201903
20190204,20190201,73,164030073,024000495,25015,N,1,213,201903
20190204,20190201,73,164030073,024254489,25038,N,2,214,201903
20190204,20190201,73,164030073,024532900,25040,N,3,215,201903
20190204,20190201,73,164030073,031412028,25025,N,1,216,201903
20190204,20190201,73,164030073,032646717,25012,N,10,217,201903
20190204,20190201,73,164030073,032646717,25011,N,10,218,201903
20190204,20190201,73,164030073,032646717,25010,N,20,219,201903
20190204,20190201,73,164030073,032646718,25010,N,1,220,201903
20190204,20190201,73,164030073,032646718,25010,N,1,221,201903
20190204,20190201,73,164030073,032646718,25010,N,1,222,201903
20190204,20190201,73,164030073,032914736,25020,N,1,223,201903
20190204,20190201,73,164030073,032954217,25015,N,2,224,201903
20190204,20190201,73,164030073,034453393,25005,N,10,225,201903
20190204,20190201,73,164030073,034625489,24981,N,1,226,201903
20190204,20190201,73,164030073,035107234,25006,N,10,227,201903
20190204,20190201,73,164030073,040451189,24961,N,5,228,201903
20190204,20190201,73,164030073,040451190,24961,N,4,229,201903
20190204,20190201,73,164030073,041401088,24967,N,2,230,201903
20190204,20190201,73,164030073,041559619,24969,N,1,231,201903
20190204,20190201,73,164030073,041717822,24969,N,10,232,201903
20190204,20190201,73,164030073,041717823,24966,N,10,233,201903
20190204,20190201,73,164030073,041821932,24956,N,10,234,201903
20190204,20190201,73,164030073,041925811,24950,N,10,235,201903
20190204,20190201,73,164030073,041939881,24952,N,10,236,201903
20190204,20190201,73,164030073,042408186,24954,N,10,237,201903
20190204,20190201,73,164030073,042408290,24950,N,2,238,201903
20190204,20190201,73,164030073,042507069,24937,N,10,239,201903
20190204,20190201,73,164030073,042811698,24942,N,1,240,201903
20190204,20190201,73,164030073,042834923,24950,N,2,241,201903
20190204,20190201,73,164030073,043239517,24957,N,10,242,201903
20190204,20190201,73,164030073,044017796,24966,N,10,243,201903
20190204,20190201,73,164030073,045208875,24938,N,10,244,201903
20190204,20190201,73,164030073,045208875,24936,N,10,245,201903
20190204,20190201,73,164030073,045240868,24932,N,1,246,201903
20190204,20190201,73,164030073,045240906,24930,N,2,247,201903
20190204,20190201,73,164030073,045316520,24929,N,1,248,201903
20190204,20190201,73,164030073,045707417,24926,N,2,249,201903
20190204,20190201,73,164030073,045711056,24930,N,1,250,201903
20190204,20190201,73,164030073,045748720,24935,N,1,251,201903
20190204,20190201,73,164030073,050002329,24929,N,5,252,201903
20190204,20190201,73,164030073,050216223,24925,N,5,253,201903
20190204,20190201,73,164030073,050222742,24922,N,1,254,201903
20190204,20190201,73,164030073,050240136,24920,N,6,255,201903
20190204,20190201,73,164030073,050240137,24918,N,2,256,201903
20190204,20190201,73,164030073,050254383,24920,N,5,257,201903
20190204,20190201,73,164030073,050451531,24931,N,1,258,201903
20190204,20190201,73,164030073,053001019,24954,E,1,259,201903
20190204,20190204,73,164030073,084501051,24962,O,1,260,201903
20190204,20190204,73,164030073,084503399,24998,N,1,261,201903
20190204,20190204,73,164030073,084854199,24975,N,2,262,201903
20190204,20190204,73,164030073,085101462,24968,N,1,263,201903
20190204,20190204,73,164030073,090116760,24993,N,10,264,201903
20190204,20190204,73,164030073,090201447,24999,N,3,265,201903
20190204,20190204,73,164030073,090222483,25000,N,2,266,201903
20190204,20190204,73,164030073,090243813,25002,N,1,267,201903
20190204,20190204,73,164030073,090249162,25008,N,1,268,201903
20190204,20190204,73,164030073,091023190,24995,N,11,269,201903
20190204,20190204,73,164030073,091423470,25004,N,1,270,201903
20190204,20190204,73,164030073,091501498,25004,N,1,271,201903
20190204,20190204,73,164030073,091606126,25003,N,1,272,201903
20190204,20190204,73,164030073,091626387,25011,N,1,273,201903
20190204,20190204,73,164030073,092216862,25000,N,10,274,201903
20190204,20190204,73,164030073,093045220,25000,N,10,275,201903
20190204,20190204,73,164030073,093216183,25000,N,5,276,201903
20190204,20190204,73,164030073,093309518,25006,N,2,277,201903
20190204,20190204,73,164030073,094304947,25006,N,10,278,201903
20190204,20190204,73,164030073,094422333,25001,N,1,279,201903
20190204,20190204,73,164030073,095115616,25001,N,4,280,201903
20190204,20190204,73,164030073,100117541,25016,N,1,281,201903
20190204,20190204,73,164030073,100327619,25015,N,1,282,201903
20190204,20190204,73,164030073,102411817,24998,N,11,283,201903
20190204,20190204,73,164030073,102723959,24995,N,1,284,201903
20190204,20190204,73,164030073,103724890,24985,N,1,285,201903
20190204,20190204,73,164030073,104429151,24995,N,2,286,201903
20190204,20190204,73,164030073,105847679,25010,N,1,287,201903
20190204,20190204,73,164030073,111054384,25006,N,1,288,201903
20190204,20190204,73,164030073,112857429,25017,N,1,289,201903
20190204,20190204,73,164030073,114802366,25001,N,1,290,201903
20190204,20190204,73,164030073,115616510,25000,N,4,291,201903
20190204,20190204,73,164030073,115947061,25003,N,1,292,201903
20190204,20190204,73,164030073,122841409,24997,N,1,293,201903
20190204,20190204,73,164030073,125402419,24995,N,1,294,201903
20190204,20190204,73,164030073,125444082,24997,N,2,295,201903
20190204,20190204,73,164030073,130709446,24995,N,1,296,201903
20190204,20190204,73,164030073,132812726,24997,N,2,297,201903
20190204,20190204,73,164030073,133016307,24992,N,2,298,201903
20190204,20190204,73,164030073,134226012,25000,N,5,299,201903
20190204,20190204,73,164030073,134528579,25000,N,2,300,201903
20190204,20190204,73,164030073,134632441,25001,N,1,301,201903
20190204,20190204,73,164030073,135823122,24993,N,2,302,201903
20190204,20190204,73,164030073,140518552,24984,N,1,303,201903
20190204,20190204,73,164030073,140959505,24982,N,2,304,201903
20190204,20190204,73,164030073,141015786,24990,N,1,305,201903
20190204,20190204,73,164030073,141149951,24985,N,5,306,201903
20190204,20190204,73,164030073,142342380,24992,N,1,307,201903
20190204,20190204,73,164030073,145112326,24985,N,10,308,201903
20190204,20190204,73,164030073,145114617,24985,N,5,309,201903
20190204,20190204,73,164030073,150454805,24978,E,10,310,201903
20190204,20190201,73,164060073,002244764,25000,O,1,311,201906
20190204,20190204,73,164060073,115852789,24902,O,1,312,201906
20190205,20190204,73,164030073,163001046,24965,O,3,1,201903
20190205,20190204,73,164030073,164006032,24977,N,1,2,201903
20190205,20190204,73,164030073,164920728,24969,N,1,3,201903
20190205,20190204,73,164030073,170435009,24986,N,2,4,201903
20190205,20190204,73,164030073,170643970,24988,N,1,5,201903
20190205,20190204,73,164030073,170857804,24985,N,1,6,201903
20190205,20190204,73,164030073,171107219,24975,N,1,7,201903
20190205,20190204,73,164030073,171221033,24968,N,1,8,201903
20190205,20190204,73,164030073,172748350,24961,N,2,9,201903
20190205,20190204,73,164030073,173823162,24976,N,3,10,201903
20190205,20190204,73,164030073,182505309,24988,N,10,11,201903
20190205,20190204,73,164030073,183052485,24992,N,10,12,201903
20190205,20190204,73,164030073,184715402,24998,N,5,13,201903
20190205,20190204,73,164030073,184809499,24995,N,5,14,201903
20190205,20190204,73,164030073,190800577,25001,N,1,15,201903
20190205,20190204,73,164030073,191052042,25007,N,6,16,201903
20190205,20190204,73,164030073,195241039,25010,N,4,17,201903
20190205,20190204,73,164030073,200557318,25000,N,5,18,201903
20190205,20190204,73,164030073,200940391,24993,N,1,19,201903
20190205,20190204,73,164030073,203209074,24980,N,2,20,201903
20190205,20190204,73,164030073,205301463,24994,N,1,21,201903
20190205,20190204,73,164030073,210504549,24987,N,4,22,201903
20190205,20190204,73,164030073,210913462,24996,N,2,23,201903
20190205,20190204,73,164030073,211024041,24998,N,1,24,201903
20190205,20190204,73,164030073,211649753,25000,N,1,25,201903
20190205,20190204,73,164030073,211947253,25001,N,2,26,201903
20190205,20190204,73,164030073,213017510,25009,N,1,27,201903
20190205,20190204,73,164030073,214320583,24997,N,1,28,201903
20190205,20190204,73,164030073,221025726,24974,N,2,29,201903
20190205,20190204,73,164030073,221109148,24975,N,4,30,201903
20190205,20190204,73,164030073,223429408,24976,N,4,31,201903
20190205,20190204,73,164030073,225542326,24967,N,1,32,201903
20190205,20190204,73,164030073,233004621,24978,N,10,33,201903
20190205,20190204,73,164030073,233155999,24966,N,1,34,201903
20190205,20190204,73,164030073,233500008,24960,N,1,35,201903
20190205,20190204,73,164030073,233647652,24974,N,10,36,201903
20190205,20190204,73,164030073,233726899,24970,N,10,37,201903
20190205,20190204,73,164030073,233756621,24939,N,10,38,201903
20190205,20190204,73,164030073,234325178,24966,N,10,39,201903
20190205,20190204,73,164030073,234745159,24975,N,1,40,201903
20190205,20190204,73,164030073,235103876,24994,N,1,41,201903
20190205,20190204,73,164030073,235138087,24988,N,1,42,201903
20190205,20190204,73,164030073,235932897,24975,N,1,43,201903
20190205,20190204,73,164030073,000048796,24951,N,10,44,201903
20190205,20190204,73,164030073,000048797,24947,N,10,45,201903
20190205,20190204,73,164030073,000102367,24940,N,1,46,201903
20190205,20190204,73,164030073,000150130,24915,N,1,47,201903
20190205,20190204,73,164030073,000505340,24922,N,2,48,201903
20190205,20190204,73,164030073,000532805,24917,N,10,49,201903
20190205,20190204,73,164030073,001800037,24960,N,1,50,201903
20190205,20190204,73,164030073,002106041,24954,N,1,51,201903
20190205,20190204,73,164030073,002313443,24951,N,10,52,201903
20190205,20190204,73,164030073,002535170,24930,N,10,53,201903
20190205,20190204,73,164030073,002535388,24920,N,1,54,201903
20190205,20190204,73,164030073,004412912,24936,N,5,55,201903
20190205,20190204,73,164030073,004646438,24943,N,1,56,201903
20190205,20190204,73,164030073,004708198,24946,N,1,57,201903
20190205,20190204,73,164030073,005227404,24937,N,1,58,201903
20190205,20190204,73,164030073,005321083,24933,N,1,59,201903
20190205,20190204,73,164030073,005551928,24950,N,1,60,201903
20190205,20190204,73,164030073,005658412,24950,N,1,61,201903
20190205,20190204,73,164030073,010344725,24977,N,1,62,201903
20190205,20190204,73,164030073,010748918,24961,N,10,63,201903
20190205,20190204,73,164030073,010758314,24953,N,1,64,201903
20190205,20190204,73,164030073,010809735,24954,N,1,65,201903
20190205,20190204,73,164030073,013218841,24977,N,1,66,201903
20190205,20190204,73,164030073,013219275,24984,N,5,67,201903
20190205,20190204,73,164030073,013703946,24988,N,10,68,201903
20190205,20190204,73,164030073,015430817,25000,N,11,69,201903
20190205,20190204,73,164030073,015642999,25001,N,1,70,201903
20190205,20190204,73,164030073,020805975,25000,N,3,71,201903
20190205,20190204,73,164030073,021711813,25010,N,1,72,201903
20190205,20190204,73,164030073,021913672,25017,N,2,73,201903
20190205,20190204,73,164030073,022819789,25015,N,11,74,201903
20190205,20190204,73,164030073,022820108,25015,N,22,75,201903
20190205,20190204,73,164030073,022820308,25015,N,10,76,201903
20190205,20190204,73,164030073,022824194,25015,N,22,77,201903
20190205,20190204,73,164030073,022824332,25015,N,10,78,201903
20190205,20190204,73,164030073,022827690,25015,N,10,79,201903
20190205,20190204,73,164030073,022829794,25015,N,15,80,201903
20190205,20190204,73,164030073,024152995,25011,N,1,81,201903
20190205,20190204,73,164030073,024956588,25006,N,10,82,201903
20190205,20190204,73,164030073,030345373,25030,N,4,83,201903
20190205,20190204,73,164030073,030345374,25033,N,1,84,201903
20190205,20190204,73,164030073,030345374,25033,N,1,85,201903
20190205,20190204,73,164030073,031607132,25037,N,10,86,201903
20190205,20190204,73,164030073,031609247,25040,N,1,87,201903
20190205,20190204,73,164030073,031609247,25041,N,1,88,201903
20190205,20190204,73,164030073,032507024,25044,N,1,89,201903
20190205,20190204,73,164030073,032508303,25045,N,1,90,201903
20190205,20190204,73,164030073,034522040,25050,N,4,91,201903
20190205,20190204,73,164030073,034523062,25061,N,10,92,201903
20190205,20190204,73,164030073,034645031,25070,N,1,93,201903
20190205,20190204,73,164030073,035446900,25084,N,1,94,201903
20190205,20190204,73,164030073,035653465,25085,N,10,95,201903
20190205,20190204,73,164030073,040644461,25090,N,20,96,201903
20190205,20190204,73,164030073,041156263,25099,N,8,97,201903
20190205,20190204,73,164030073,041638785,25099,N,1,98,201903
20190205,20190204,73,164030073,043126133,25097,N,10,99,201903
20190205,20190204,73,164030073,043126136,25096,N,5,100,201903
20190205,20190204,73,164030073,043210919,25098,N,1,101,201903
20190205,20190204,73,164030073,044118882,25100,N,11,102,201903
20190205,20190204,73,164030073,044118922,25103,N,1,103,201903
20190205,20190204,73,164030073,044746345,25097,N,1,104,201903
20190205,20190204,73,164030073,045453409,25098,N,4,105,201903
20190205,20190204,73,164030073,045506998,25105,N,10,106,201903
20190205,20190204,73,164030073,045511159,25105,N,1,107,201903
20190205,20190204,73,164030073,050225274,25092,E,10,108,201903
20190205,20190205,73,164030073,084501050,25148,O,7,109,201903
20190205,20190205,73,164030073,084516656,25139,N,1,110,201903
20190205,20190205,73,164030073,084534988,25147,N,1,111,201903
20190205,20190205,73,164030073,084605726,25165,N,1,112,201903
20190205,20190205,73,164030073,084621648,25162,N,6,113,201903
20190205,20190205,73,164030073,084632668,25165,N,1,114,201903
20190205,20190205,73,164030073,084644487,25162,N,4,115,201903
20190205,20190205,73,164030073,084645217,25162,N,1,116,201903
20190205,20190205,73,164030073,084646084,25162,N,2,117,201903
20190205,20190205,73,164030073,084711131,25157,N,1,118,201903
20190205,20190205,73,164030073,084726698,25158,N,10,119,201903
20190205,20190205,73,164030073,084800323,25153,N,5,120,201903
20190205,20190205,73,164030073,084808808,25158,N,4,121,201903
20190205,20190205,73,164030073,084830620,25159,N,2,122,201903
20190205,20190205,73,164030073,084832882,25162,N,2,123,201903
20190205,20190205,73,164030073,084857630,25159,N,1,124,201903
20190205,20190205,73,164030073,085057697,25156,N,1,125,201903
20190205,20190205,73,164030073,085221412,25150,N,2,126,201903
20190205,20190205,73,164030073,085240550,25145,N,1,127,201903
20190205,20190205,73,164030073,090149497,25150,N,2,128,201903
20190205,20190205,73,164030073,090229652,25156,N,1,129,201903
20190205,20190205,73,164030073,090328027,25158,N,1,130,201903
20190205,20190205,73,164030073,090651113,25161,N,1,131,201903
20190205,20190205,73,164030073,090730480,25170,N,4,132,201903
20190205,20190205,73,164030073,090730582,25170,N,1,133,201903
20190205,20190205,73,164030073,091137183,25163,N,1,134,201903
20190205,20190205,73,164030073,091220764,25170,N,4,135,201903
20190205,20190205,73,164030073,091641445,25171,N,10,136,201903
20190205,20190205,73,164030073,091641445,25172,N,3,137,201903
20190205,20190205,73,164030073,093035578,25160,N,3,138,201903
20190205,20190205,73,164030073,093532145,25162,N,2,139,201903
20190205,20190205,73,164030073,093546335,25153,N,4,140,201903
20190205,20190205,73,164030073,094240352,25139,N,2,141,201903
20190205,20190205,73,164030073,094502269,25150,N,1,142,201903
20190205,20190205,73,164030073,094533489,25151,N,2,143,201903
20190205,20190205,73,164030073,094631884,25159,N,1,144,201903
20190205,20190205,73,164030073,095519935,25128,N,4,145,201903
20190205,20190205,73,164030073,100836326,25137,N,2,146,201903
20190205,20190205,73,164030073,101145829,25140,N,1,147,201903
20190205,20190205,73,164030073,101305204,25140,N,5,148,201903
20190205,20190205,73,164030073,101715736,25133,N,1,149,201903
20190205,20190205,73,164030073,101830863,25135,N,10,150,201903
20190205,20190205,73,164030073,101830863,25134,N,5,151,201903
20190205,20190205,73,164030073,102429093,25140,N,1,152,201903
20190205,20190205,73,164030073,102512157,25145,N,1,153,201903
20190205,20190205,73,164030073,110002008,25145,N,6,154,201903
20190205,20190205,73,164030073,110025801,25142,N,10,155,201903
20190205,20190205,73,164030073,110508957,25139,N,30,156,201903
20190205,20190205,73,164030073,113146065,25144,N,10,157,201903
20190205,20190205,73,164030073,115821900,25140,N,1,158,201903
20190205,20190205,73,164030073,115950776,25143,N,1,159,201903
20190205,20190205,73,164030073,123036679,25136,N,6,160,201903
20190205,20190205,73,164030073,123209760,25139,N,1,161,201903
20190205,20190205,73,164030073,123240312,25140,N,1,162,201903
20190205,20190205,73,164030073,123356639,25136,N,1,163,201903
20190205,20190205,73,164030073,125341376,25142,N,7,164,201903
20190205,20190205,73,164030073,130259379,25146,N,11,165,201903
20190205,20190205,73,164030073,130300600,25146,N,11,166,201903
20190205,20190205,73,164030073,130328979,25143,N,20,167,201903
20190205,20190205,73,164030073,130347261,25143,N,3,168,201903
20190205,20190205,73,164030073,131915118,25144,N,5,169,201903
20190205,20190205,73,164030073,132146573,25145,N,1,170,201903
20190205,20190205,73,164030073,140530096,25149,N,1,171,201903
20190205,20190205,73,164030073,141457617,25150,N,1,172,201903
20190205,20190205,73,164030073,141524013,25152,N,1,173,201903
20190205,20190205,73,164030073,141539200,25152,N,3,174,201903
20190205,20190205,73,164030073,141618712,25151,N,9,175,201903
20190205,20190205,73,164030073,141700806,25153,N,1,176,201903
20190205,20190205,73,164030073,142036375,25138,N,1,177,201903
20190205,20190205,73,164030073,142059565,25138,N,8,178,201903
20190205,20190205,73,164030073,142216558,25142,N,10,179,201903
20190205,20190205,73,164030073,142823207,25141,N,1,180,201903
20190205,20190205,73,164030073,143501719,25140,N,2,181,201903
20190205,20190205,73,164030073,143524751,25138,N,3,182,201903
20190205,20190205,73,164030073,144425177,25142,N,1,183,201903
20190205,20190205,73,164030073,145619934,25140,N,2,184,201903
20190205,20190205,73,164030073,150116275,25141,N,1,185,201903
20190205,20190205,73,164030073,151501008,25140,E,10,186,201903
20190205,20190204,73,164060073,211548750,25050,O,1,187,201906
20190205,20190205,73,164060073,094524237,25170,O,1,188,201906
20190205,20190205,73,164060073,140450769,25050,E,1,189,201906
20190206,20190205,73,164030073,163001045,25152,O,5,1,201903
20190206,20190205,73,164030073,163347083,25162,N,1,2,201903
20190206,20190205,73,164030073,164218243,25164,N,1,3,201903
20190206,20190205,73,164030073,164514527,25163,N,1,4,201903
20190206,20190205,73,164030073,165205980,25155,N,1,5,201903
20190206,20190205,73,164030073,171853452,25166,N,10,6,201903
20190206,20190205,73,164030073,172017722,25170,N,10,7,201903
20190206,20190205,73,164030073,180502715,25195,N,1,8,201903
20190206,20190205,73,164030073,180502716,25198,N,2,9,201903
20190206,20190205,73,164030073,180502716,25198,N,1,10,201903
20190206,20190205,73,164030073,180502775,25199,N,1,11,201903
20190206,20190205,73,164030073,180502775,25200,N,3,12,201903
20190206,20190205,73,164030073,180502776,25200,N,1,13,201903
20190206,20190205,73,164030073,180522643,25200,N,3,14,201903
20190206,20190205,73,164030073,180551252,25198,N,5,15,201903
20190206,20190205,73,164030073,180625772,25200,N,2,16,201903
20190206,20190205,73,164030073,180745021,25211,N,1,17,201903
20190206,20190205,73,164030073,181004276,25213,N,1,18,201903
20190206,20190205,73,164030073,181113912,25214,N,1,19,201903
20190206,20190205,73,164030073,181321507,25219,N,20,20,201903
20190206,20190205,73,164030073,182005349,25212,N,1,21,201903
20190206,20190205,73,164030073,182221535,25210,N,1,22,201903
20190206,20190205,73,164030073,182655589,25208,N,10,23,201903
20190206,20190205,73,164030073,182655589,25207,N,20,24,201903
20190206,20190205,73,164030073,183647996,25218,N,10,25,201903
20190206,20190205,73,164030073,183650037,25222,N,8,26,201903
20190206,20190205,73,164030073,183728618,25224,N,1,27,201903
20190206,20190205,73,164030073,183733106,25224,N,10,28,201903
20190206,20190205,73,164030073,185221448,25220,N,10,29,201903
20190206,20190205,73,164030073,185243499,25221,N,1,30,201903
20190206,20190205,73,164030073,185316921,25218,N,10,31,201903
20190206,20190205,73,164030073,185329062,25218,N,10,32,201903
20190206,20190205,73,164030073,185457305,25219,N,10,33,201903
20190206,20190205,73,164030073,185621268,25221,N,10,34,201903
20190206,20190205,73,164030073,185810112,25218,N,10,35,201903
20190206,20190205,73,164030073,185820320,25218,N,10,36,201903
20190206,20190205,73,164030073,185926321,25224,N,1,37,201903
20190206,20190205,73,164030073,190019144,25223,N,10,38,201903
20190206,20190205,73,164030073,190019300,25222,N,10,39,201903
20190206,20190205,73,164030073,190032752,25222,N,10,40,201903
20190206,20190205,73,164030073,190115417,25219,N,10,41,201903
20190206,20190205,73,164030073,190116701,25219,N,10,42,201903
20190206,20190205,73,164030073,190203988,25217,N,10,43,201903
20190206,20190205,73,164030073,190228120,25220,N,1,44,201903
20190206,20190205,73,164030073,190228423,25219,N,10,45,201903
20190206,20190205,73,164030073,190247703,25223,N,10,46,201903
20190206,20190205,73,164030073,190254745,25224,N,10,47,201903
20190206,20190205,73,164030073,190303482,25223,N,10,48,201903
20190206,20190205,73,164030073,190307017,25226,N,10,49,201903
20190206,20190205,73,164030073,190308989,25228,N,10,50,201903
20190206,20190205,73,164030073,190309197,25227,N,1,51,201903
20190206,20190205,73,164030073,190310100,25227,N,9,52,201903
20190206,20190205,73,164030073,190312268,25227,N,10,53,201903
20190206,20190205,73,164030073,190318566,25226,N,10,54,201903
20190206,20190205,73,164030073,190328015,25227,N,10,55,201903
20190206,20190205,73,164030073,190339389,25227,N,10,56,201903
20190206,20190205,73,164030073,190422638,25222,N,10,57,201903
20190206,20190205,73,164030073,190422775,25221,N,10,58,201903
20190206,20190205,73,164030073,190424825,25222,N,10,59,201903
20190206,20190205,73,164030073,190427723,25223,N,10,60,201903
20190206,20190205,73,164030073,190448801,25223,N,10,61,201903
20190206,20190205,73,164030073,190455597,25222,N,10,62,201903
20190206,20190205,73,164030073,190501362,25221,N,10,63,201903
20190206,20190205,73,164030073,190510217,25221,N,10,64,201903
20190206,20190205,73,164030073,190541654,25223,N,10,65,201903
20190206,20190205,73,164030073,190552018,25222,N,10,66,201903
20190206,20190205,73,164030073,190601635,25223,N,10,67,201903
20190206,20190205,73,164030073,190617939,25225,N,10,68,201903
20190206,20190205,73,164030073,190622204,25224,N,10,69,201903
20190206,20190205,73,164030073,190631550,25223,N,10,70,201903
20190206,20190205,73,164030073,190640117,25224,N,10,71,201903
20190206,20190205,73,164030073,190658037,25225,N,10,72,201903
20190206,20190205,73,164030073,190704525,25224,N,10,73,201903
20190206,20190205,73,164030073,190721223,25224,N,10,74,201903
20190206,20190205,73,164030073,190721333,25223,N,10,75,201903
20190206,20190205,73,164030073,190740145,25224,N,10,76,201903
20190206,20190205,73,164030073,190741653,25223,N,10,77,201903
20190206,20190205,73,164030073,190746301,25222,N,10,78,201903
20190206,20190205,73,164030073,190810180,25223,N,10,79,201903
20190206,20190205,73,164030073,190815900,25224,N,10,80,201903
20190206,20190205,73,164030073,190815901,25223,N,10,81,201903
20190206,20190205,73,164030073,190819209,25225,N,10,82,201903
20190206,20190205,73,164030073,190829239,25225,N,10,83,201903
20190206,20190205,73,164030073,190833276,25227,N,10,84,201903
20190206,20190205,73,164030073,190834137,25228,N,10,85,201903
20190206,20190205,73,164030073,190834138,25227,N,10,86,201903
20190206,20190205,73,164030073,190834164,25231,N,10,87,201903
20190206,20190205,73,164030073,190835261,25232,N,10,88,201903
20190206,20190205,73,164030073,190836113,25232,N,10,89,201903
20190206,20190205,73,164030073,190837412,25232,N,10,90,201903
20190206,20190205,73,164030073,190841765,25232,N,10,91,201903
20190206,20190205,73,164030073,190842814,25231,N,10,92,201903
20190206,20190205,73,164030073,190843869,25231,N,10,93,201903
20190206,20190205,73,164030073,190852179,25233,N,10,94,201903
20190206,20190205,73,164030073,190852298,25232,N,10,95,201903
20190206,20190205,73,164030073,190855350,25234,N,10,96,201903
20190206,20190205,73,164030073,190855436,25233,N,10,97,201903
20190206,20190205,73,164030073,190858112,25233,N,10,98,201903
20190206,20190205,73,164030073,190858116,25231,N,10,99,201903
20190206,20190205,73,164030073,190905380,25235,N,10,100,201903
20190206,20190205,73,164030073,190907992,25234,N,10,101,201903
20190206,20190205,73,164030073,190909005,25237,N,10,102,201903
20190206,20190205,73,164030073,190909008,25236,N,10,103,201903
20190206,20190205,73,164030073,190910554,25238,N,10,104,201903
20190206,20190205,73,164030073,190912249,25239,N,10,105,201903
20190206,20190205,73,164030073,190912251,25238,N,10,106,201903
20190206,20190205,73,164030073,190912355,25237,N,10,107,201903
20190206,20190205,73,164030073,191044283,25247,N,10,108,201903
20190206,20190205,73,164030073,191044306,25246,N,10,109,201903
20190206,20190205,73,164030073,191044757,25245,N,10,110,201903
20190206,20190205,73,164030073,191054270,25247,N,10,111,201903
20190206,20190205,73,164030073,191054671,25246,N,10,112,201903
20190206,20190205,73,164030073,191054791,25245,N,10,113,201903
20190206,20190205,73,164030073,191057890,25247,N,2,114,201903
20190206,20190205,73,164030073,191101215,25246,N,10,115,201903
20190206,20190205,73,164030073,191102166,25245,N,10,116,201903
20190206,20190205,73,164030073,191103211,25244,N,10,117,201903
20190206,20190205,73,164030073,191105698,25244,N,10,118,201903
20190206,20190205,73,164030073,191125050,25243,N,10,119,201903
20190206,20190205,73,164030073,191128451,25242,N,10,120,201903
20190206,20190205,73,164030073,191132909,25242,N,10,121,201903
20190206,20190205,73,164030073,191151748,25242,N,10,122,201903
20190206,20190205,73,164030073,191159747,25243,N,10,123,201903
20190206,20190205,73,164030073,191202407,25242,N,10,124,201903
20190206,20190205,73,164030073,191203284,25242,N,10,125,201903
20190206,20190205,73,164030073,191207498,25242,N,10,126,201903
20190206,20190205,73,164030073,191210282,25242,N,10,127,201903
20190206,20190205,73,164030073,191210784,25242,N,1,128,201903
20190206,20190205,73,164030073,191214303,25243,N,10,129,201903
20190206,20190205,73,164030073,191215718,25244,N,1,130,201903
20190206,20190205,73,164030073,191215946,25244,N,10,131,201903
20190206,20190205,73,164030073,191222454,25244,N,10,132,201903
20190206,20190205,73,164030073,191224812,25245,N,10,133,201903
20190206,20190205,73,164030073,191228796,25245,N,10,134,201903
20190206,20190205,73,164030073,191239290,25243,N,10,135,201903
20190206,20190205,73,164030073,191240829,25242,N,10,136,201903
20190206,20190205,73,164030073,191242112,25241,N,10,137,201903
20190206,20190205,73,164030073,191253128,25242,N,10,138,201903
20190206,20190205,73,164030073,191253633,25242,N,10,139,201903
20190206,20190205,73,164030073,191258134,25243,N,10,140,201903
20190206,20190205,73,164030073,191259726,25243,N,10,141,201903
20190206,20190205,73,164030073,191301088,25243,N,10,142,201903
20190206,20190205,73,164030073,191301207,25242,N,10,143,201903
20190206,20190205,73,164030073,191302879,25243,N,10,144,201903
20190206,20190205,73,164030073,191307514,25243,N,10,145,201903
20190206,20190205,73,164030073,191309198,25243,N,10,146,201903
20190206,20190205,73,164030073,191316263,25241,N,10,147,201903
20190206,20190205,73,164030073,191330684,25243,N,10,148,201903
20190206,20190205,73,164030073,191337722,25245,N,10,149,201903
20190206,20190205,73,164030073,191343160,25244,N,10,150,201903
20190206,20190205,73,164030073,191344313,25244,N,10,151,201903
20190206,20190205,73,164030073,191356343,25244,N,10,152,201903
20190206,20190205,73,164030073,191403712,25244,N,10,153,201903
20190206,20190205,73,164030073,191404231,25243,N,10,154,201903
20190206,20190205,73,164030073,191414335,25243,N,10,155,201903
20190206,20190205,73,164030073,191416916,25243,N,10,156,201903
20190206,20190205,73,164030073,191419187,25242,N,10,157,201903
20190206,20190205,73,164030073,191419821,25241,N,10,158,201903
20190206,20190205,73,164030073,191823793,25241,N,1,159,201903
20190206,20190205,73,164030073,193816194,25231,N,1,160,201903
20190206,20190205,73,164030073,194005428,25230,N,1,161,201903
20190206,20190205,73,164030073,194512111,25241,N,1,162,201903
20190206,20190205,73,164030073,195506131,25235,N,8,163,201903
20190206,20190205,73,164030073,195624836,25240,N,10,164,201903
20190206,20190205,73,164030073,195629255,25240,N,2,165,201903
20190206,20190205,73,164030073,195639360,25241,N,11,166,201903
20190206,20190205,73,164030073,195639360,25244,N,3,167,201903
20190206,20190205,73,164030073,200037332,25248,N,2,168,201903
20190206,20190205,73,164030073,200119364,25243,N,3,169,201903
20190206,20190205,73,164030073,200126270,25246,N,1,170,201903
20190206,20190205,73,164030073,200145861,25245,N,1,171,201903
20190206,20190205,73,164030073,200341253,25250,N,2,172,201903
20190206,20190205,73,164030073,200341254,25252,N,1,173,201903
20190206,20190205,73,164030073,200341255,25252,N,1,174,201903
20190206,20190205,73,164030073,200341302,25252,N,2,175,201903
20190206,20190205,73,164030073,200721621,25247,N,1,176,201903
20190206,20190205,73,164030073,200915947,25246,N,2,177,201903
20190206,20190205,73,164030073,201003982,25252,N,4,178,201903
20190206,20190205,73,164030073,201025437,25248,N,10,179,201903
20190206,20190205,73,164030073,201047701,25251,N,10,180,201903
20190206,20190205,73,164030073,201310344,25261,N,10,181,201903
20190206,20190205,73,164030073,201505335,25259,N,10,182,201903
20190206,20190205,73,164030073,201637897,25260,N,1,183,201903
20190206,20190205,73,164030073,201848328,25263,N,1,184,201903
20190206,20190205,73,164030073,201922360,25261,N,10,185,201903
20190206,20190205,73,164030073,202019464,25260,N,10,186,201903
20190206,20190205,73,164030073,202117200,25259,N,10,187,201903
20190206,20190205,73,164030073,202129207,25258,N,10,188,201903
20190206,20190205,73,164030073,202326372,25258,N,2,189,201903
20190206,20190205,73,164030073,202428160,25258,N,1,190,201903
20190206,20190205,73,164030073,202557657,25257,N,10,191,201903
20190206,20190205,73,164030073,202557658,25256,N,10,192,201903
20190206,20190205,73,164030073,202557660,25255,N,10,193,201903
20190206,20190205,73,164030073,202600770,25256,N,10,194,201903
20190206,20190205,73,164030073,202634552,25260,N,1,195,201903
20190206,20190205,73,164030073,202826275,25258,N,4,196,201903
20190206,20190205,73,164030073,202829800,25258,N,6,197,201903
20190206,20190205,73,164030073,202854162,25257,N,11,198,201903
20190206,20190205,73,164030073,202858167,25257,N,10,199,201903
20190206,20190205,73,164030073,202914405,25257,N,10,200,201903
20190206,20190205,73,164030073,202934656,25257,N,10,201,201903
20190206,20190205,73,164030073,202938022,25257,N,10,202,201903
20190206,20190205,73,164030073,202952203,25258,N,10,203,201903
20190206,20190205,73,164030073,202955283,25258,N,10,204,201903
20190206,20190205,73,164030073,202959705,25257,N,10,205,201903
20190206,20190205,73,164030073,203016747,25257,N,10,206,201903
20190206,20190205,73,164030073,203026365,25257,N,10,207,201903
20190206,20190205,73,164030073,203041410,25258,N,10,208,201903
20190206,20190205,73,164030073,203047110,25258,N,10,209,201903
20190206,20190205,73,164030073,203054512,25260,N,10,210,201903
20190206,20190205,73,164030073,203057095,25259,N,10,211,201903
20190206,20190205,73,164030073,203156059,25259,N,1,212,201903
20190206,20190205,73,164030073,203516817,25263,N,2,213,201903
20190206,20190205,73,164030073,203614390,25267,N,1,214,201903
20190206,20190205,73,164030073,203700604,25263,N,1,215,201903
20190206,20190205,73,164030073,203901227,25253,N,1,216,201903
20190206,20190205,73,164030073,203946091,25253,N,1,217,201903
20190206,20190205,73,164030073,204013813,25249,N,2,218,201903
20190206,20190205,73,164030073,204018521,25249,N,1,219,201903
20190206,20190205,73,164030073,204315436,25249,N,5,220,201903
20190206,20190205,73,164030073,204345096,25250,N,10,221,201903
20190206,20190205,73,164030073,204346250,25250,N,10,222,201903
20190206,20190205,73,164030073,204348119,25249,N,10,223,201903
20190206,20190205,73,164030073,204348181,25248,N,10,224,201903
20190206,20190205,73,164030073,204350205,25248,N,10,225,201903
20190206,20190205,73,164030073,204403633,25249,N,10,226,201903
20190206,20190205,73,164030073,204404401,25250,N,10,227,201903
20190206,20190205,73,164030073,204409289,25250,N,10,228,201903
20190206,20190205,73,164030073,204416778,25251,N,10,229,201903
20190206,20190205,73,164030073,204418788,25251,N,10,230,201903
20190206,20190205,73,164030073,204428141,25250,N,10,231,201903
20190206,20190205,73,164030073,204435430,25252,N,10,232,201903
20190206,20190205,73,164030073,204437210,25252,N,10,233,201903
20190206,20190205,73,164030073,204439629,25251,N,10,234,201903
20190206,20190205,73,164030073,204440129,25251,N,1,235,201903
20190206,20190205,73,164030073,204442336,25251,N,10,236,201903
20190206,20190205,73,164030073,204442874,25251,N,1,237,201903
20190206,20190205,73,164030073,204500147,25251,N,9,238,201903
20190206,20190205,73,164030073,204507399,25251,N,10,239,201903
20190206,20190205,73,164030073,204507900,25251,N,10,240,201903
20190206,20190205,73,164030073,204508400,25251,N,1,241,201903
20190206,20190205,73,164030073,204509710,25251,N,9,242,201903
20190206,20190205,73,164030073,204511706,25251,N,10,243,201903
20190206,20190205,73,164030073,204514593,25251,N,10,244,201903
20190206,20190205,73,164030073,204515093,25251,N,1,245,201903
20190206,20190205,73,164030073,204609668,25243,N,1,246,201903
20190206,20190205,73,164030073,205959776,25245,N,1,247,201903
20190206,20190205,73,164030073,210248776,25244,N,10,248,201903
20190206,20190205,73,164030073,210336824,25244,N,1,249,201903
20190206,20190205,73,164030073,210505995,25243,N,10,250,201903
20190206,20190205,73,164030073,211047438,25237,N,1,251,201903
20190206,20190205,73,164030073,211610664,25248,N,1,252,201903
20190206,20190205,73,164030073,211620324,25246,N,1,253,201903
20190206,20190205,73,164030073,211849455,25248,N,1,254,201903
20190206,20190205,73,164030073,212104212,25249,N,10,255,201903
20190206,20190205,73,164030073,212152696,25250,N,6,256,201903
20190206,20190205,73,164030073,212610068,25258,N,10,257,201903
20190206,20190205,73,164030073,212658031,25251,N,2,258,201903
20190206,20190205,73,164030073,213834841,25251,N,1,259,201903
20190206,20190205,73,164030073,214236455,25264,N,11,260,201903
20190206,20190205,73,164030073,214237859,25264,N,11,261,201903
20190206,20190205,73,164030073,214401548,25260,N,1,262,201903
20190206,20190205,73,164030073,214439745,25260,N,1,263,201903
20190206,20190205,73,164030073,214617101,25260,N,1,264,201903
20190206,20190205,73,164030073,214643628,25262,N,10,265,201903
20190206,20190205,73,164030073,214643751,25262,N,1,266,201903
20190206,20190205,73,164030073,214710198,25262,N,1,267,201903
20190206,20190205,73,164030073,214837450,25253,N,10,268,201903
20190206,20190205,73,164030073,214907392,25254,N,10,269,201903
20190206,20190205,73,164030073,214907428,25254,N,1,270,201903
20190206,20190205,73,164030073,215553397,25257,N,1,271,201903
20190206,20190205,73,164030073,215639963,25258,N,1,272,201903
20190206,20190205,73,164030073,215817881,25258,N,1,273,201903
20190206,20190205,73,164030073,215836838,25260,N,5,274,201903
20190206,20190205,73,164030073,215842448,25262,N,10,275,201903
20190206,20190205,73,164030073,221803145,25267,N,1,276,201903
20190206,20190205,73,164030073,221803705,25269,N,1,277,201903
20190206,20190205,73,164030073,222405894,25274,N,1,278,201903
20190206,20190205,73,164030073,222523531,25276,N,5,279,201903
20190206,20190205,73,164030073,222755707,25272,N,1,280,201903
20190206,20190205,73,164030073,222818468,25270,N,2,281,201903
20190206,20190205,73,164030073,222820360,25268,N,10,282,201903
20190206,20190205,73,164030073,223217730,25268,N,1,283,201903
20190206,20190205,73,164030073,223243811,25267,N,10,284,201903
20190206,20190205,73,164030073,223243931,25267,N,1,285,201903
20190206,20190205,73,164030073,223243931,25268,N,9,286,201903
20190206,20190205,73,164030073,223244050,25266,N,10,287,201903
20190206,20190205,73,164030073,223245282,25269,N,10,288,201903
20190206,20190205,73,164030073,223245577,25269,N,10,289,201903
20190206,20190205,73,164030073,223246077,25269,N,1,290,201903
20190206,20190205,73,164030073,223246077,25270,N,9,291,201903
20190206,20190205,73,164030073,223247980,25269,N,10,292,201903
20190206,20190205,73,164030073,223249887,25269,N,10,293,201903
20190206,20190205,73,164030073,223252373,25268,N,10,294,201903
20190206,20190205,73,164030073,223252417,25269,N,10,295,201903
20190206,20190205,73,164030073,223255909,25267,N,10,296,201903
20190206,20190205,73,164030073,223256029,25268,N,10,297,201903
20190206,20190205,73,164030073,223256529,25267,N,10,298,201903
20190206,20190205,73,164030073,223256633,25266,N,10,299,201903
20190206,20190205,73,164030073,223259062,25267,N,10,300,201903
20190206,20190205,73,164030073,223259562,25266,N,10,301,201903
20190206,20190205,73,164030073,223259682,25266,N,1,302,201903
20190206,20190205,73,164030073,223302448,25269,N,10,303,201903
20190206,20190205,73,164030073,223302449,25268,N,9,304,201903
20190206,20190205,73,164030073,223302949,25266,N,10,305,201903
20190206,20190205,73,164030073,223303358,25266,N,1,306,201903
20190206,20190205,73,164030073,223307604,25268,N,10,307,201903
20190206,20190205,73,164030073,223347291,25264,N,10,308,201903
20190206,20190205,73,164030073,223348110,25265,N,10,309,201903
20190206,20190205,73,164030073,223349710,25264,N,10,310,201903
20190206,20190205,73,164030073,223402359,25265,N,10,311,201903
20190206,20190205,73,164030073,223411409,25267,N,10,312,201903
20190206,20190205,73,164030073,223414107,25269,N,10,313,201903
20190206,20190205,73,164030073,223415563,25270,N,10,314,201903
20190206,20190205,73,164030073,223420358,25270,N,10,315,201903
20190206,20190205,73,164030073,223452775,25272,N,10,316,201903
20190206,20190205,73,164030073,223452804,25270,N,10,317,201903
20190206,20190205,73,164030073,223454485,25270,N,10,318,201903
20190206,20190205,73,164030073,225027981,25265,N,1,319,201903
20190206,20190205,73,164030073,230605858,25261,N,1,320,201903
20190206,20190205,73,164030073,231401580,25263,N,1,321,201903
20190206,20190205,73,164030073,232856197,25273,N,3,322,201903
20190206,20190205,73,164030073,233040938,25265,N,10,323,201903
20190206,20190205,73,164030073,233042660,25264,N,10,324,201903
20190206,20190205,73,164030073,233131484,25279,N,1,325,201903
20190206,20190205,73,164030073,233155343,25288,N,1,326,201903
20190206,20190205,73,164030073,233227560,25281,N,1,327,201903
20190206,20190205,73,164030073,233227560,25281,N,10,328,201903
20190206,20190205,73,164030073,233227665,25283,N,5,329,201903
20190206,20190205,73,164030073,233304092,25266,N,1,330,201903
20190206,20190205,73,164030073,233422724,25268,N,1,331,201903
20190206,20190205,73,164030073,233449825,25271,N,10,332,201903
20190206,20190205,73,164030073,233600308,25279,N,10,333,201903
20190206,20190205,73,164030073,233732172,25276,N,1,334,201903
20190206,20190205,73,164030073,234218373,25285,N,1,335,201903
20190206,20190205,73,164030073,234724380,25274,N,11,336,201903
20190206,20190205,73,164030073,234852230,25271,N,1,337,201903
20190206,20190205,73,164030073,235029564,25273,N,1,338,201903
20190206,20190205,73,164030073,235350384,25295,N,1,339,201903
20190206,20190205,73,164030073,235436156,25300,N,7,340,201903
20190206,20190205,73,164030073,235436195,25306,N,4,341,201903
20190206,20190205,73,164030073,235437225,25305,N,10,342,201903
20190206,20190205,73,164030073,235511950,25307,N,5,343,201903
20190206,20190205,73,164030073,235901196,25303,N,1,344,201903
20190206,20190205,73,164030073,000048877,25305,N,10,345,201903
20190206,20190205,73,164030073,000104021,25304,N,10,346,201903
20190206,20190205,73,164030073,000340038,25286,N,5,347,201903
20190206,20190205,73,164030073,000356661,25293,N,1,348,201903
20190206,20190205,73,164030073,000357431,25287,N,10,349,201903
20190206,20190205,73,164030073,000726413,25288,N,1,350,201903
20190206,20190205,73,164030073,000941638,25284,N,5,351,201903
20190206,20190205,73,164030073,000949781,25275,N,5,352,201903
20190206,20190205,73,164030073,001300913,25273,N,1,353,201903
20190206,20190205,73,164030073,001655868,25268,N,1,354,201903
20190206,20190205,73,164030073,001706453,25271,N,1,355,201903
20190206,20190205,73,164030073,001809348,25285,N,2,356,201903
20190206,20190205,73,164030073,001830977,25291,N,1,357,201903
20190206,20190205,73,164030073,001857795,25282,N,1,358,201903
20190206,20190205,73,164030073,001914415,25289,N,3,359,201903
20190206,20190205,73,164030073,002128325,25284,N,10,360,201903
20190206,20190205,73,164030073,002217708,25284,N,1,361,201903
20190206,20190205,73,164030073,002301886,25291,N,4,362,201903
20190206,20190205,73,164030073,002418028,25279,N,19,363,201903
20190206,20190205,73,164030073,002418030,25281,N,9,364,201903
20190206,20190205,73,164030073,002432809,25272,N,10,365,201903
20190206,20190205,73,164030073,002441077,25269,N,1,366,201903
20190206,20190205,73,164030073,002759889,25284,N,1,367,201903
20190206,20190205,73,164030073,003004141,25292,N,1,368,201903
20190206,20190205,73,164030073,003101299,25288,N,1,369,201903
20190206,20190205,73,164030073,003328214,25299,N,2,370,201903
20190206,20190205,73,164030073,003339984,25297,N,1,371,201903
20190206,20190205,73,164030073,003405360,25296,N,1,372,201903
20190206,20190205,73,164030073,003425960,25295,N,1,373,201903
20190206,20190205,73,164030073,003426292,25296,N,2,374,201903
20190206,20190205,73,164030073,003704407,25320,N,1,375,201903
20190206,20190205,73,164030073,003709639,25315,N,5,376,201903
20190206,20190205,73,164030073,003742924,25311,N,1,377,201903
20190206,20190205,73,164030073,004134485,25306,N,1,378,201903
20190206,20190205,73,164030073,004244736,25310,N,1,379,201903
20190206,20190205,73,164030073,004402702,25320,N,1,380,201903
20190206,20190205,73,164030073,004516664,25327,N,3,381,201903
20190206,20190205,73,164030073,004533467,25328,N,1,382,201903
20190206,20190205,73,164030073,004617268,25316,N,1,383,201903
20190206,20190205,73,164030073,004722393,25310,N,1,384,201903
20190206,20190205,73,164030073,004914187,25314,N,1,385,201903
20190206,20190205,73,164030073,005131134,25318,N,1,386,201903
20190206,20190205,73,164030073,005319645,25318,N,12,387,201903
20190206,20190205,73,164030073,005320692,25318,N,11,388,201903
20190206,20190205,73,164030073,005321471,25318,N,2,389,201903
20190206,20190205,73,164030073,005404395,25325,N,1,390,201903
20190206,20190205,73,164030073,005412146,25330,N,2,391,201903
20190206,20190205,73,164030073,005412147,25335,N,1,392,201903
20190206,20190205,73,164030073,005441629,25332,N,2,393,201903
20190206,20190205,73,164030073,005548659,25327,N,1,394,201903
20190206,20190205,73,164030073,005623007,25330,N,1,395,201903
20190206,20190205,73,164030073,005724706,25338,N,1,396,201903
20190206,20190205,73,164030073,005805167,25339,N,1,397,201903
20190206,20190205,73,164030073,005930777,25330,N,1,398,201903
20190206,20190205,73,164030073,005931168,25326,N,1,399,201903
20190206,20190205,73,164030073,010009243,25333,N,2,400,201903
20190206,20190205,73,164030073,010133527,25338,N,1,401,201903
20190206,20190205,73,164030073,010133807,25340,N,1,402,201903
20190206,20190205,73,164030073,010133808,25343,N,1,403,201903
20190206,20190205,73,164030073,010141448,25340,N,1,404,201903
20190206,20190205,73,164030073,010222024,25345,N,1,405,201903
20190206,20190205,73,164030073,010226467,25346,N,1,406,201903
20190206,20190205,73,164030073,010329760,25346,N,10,407,201903
20190206,20190205,73,164030073,010351014,25350,N,9,408,201903
20190206,20190205,73,164030073,010430073,25348,N,1,409,201903
20190206,20190205,73,164030073,010539980,25344,N,1,410,201903
20190206,20190205,73,164030073,011104966,25320,N,1,411,201903
20190206,20190205,73,164030073,011424555,25318,N,2,412,201903
20190206,20190205,73,164030073,011551826,25300,N,16,413,201903
20190206,20190205,73,164030073,011551826,25299,N,4,414,201903
20190206,20190205,73,164030073,011738131,25303,N,10,415,201903
20190206,20190205,73,164030073,011738131,25304,N,10,416,201903
20190206,20190205,73,164030073,012613621,25287,N,10,417,201903
20190206,20190205,73,164030073,012613621,25286,N,10,418,201903
20190206,20190205,73,164030073,013145260,25289,N,10,419,201903
20190206,20190205,73,164030073,013520077,25300,N,10,420,201903
20190206,20190205,73,164030073,013552628,25301,N,10,421,201903
20190206,20190205,73,164030073,013655833,25307,N,10,422,201903
20190206,20190205,73,164030073,013657201,25307,N,1,423,201903
20190206,20190205,73,164030073,014028004,25315,N,10,424,201903
20190206,20190205,73,164030073,014329404,25327,N,20,425,201903
20190206,20190205,73,164030073,014410733,25326,N,1,426,201903
20190206,20190205,73,164030073,020557298,25316,N,1,427,201903
20190206,20190205,73,164030073,022316377,25267,N,10,428,201903
20190206,20190205,73,164030073,022316378,25266,N,12,429,201903
20190206,20190205,73,164030073,022842326,25274,N,2,430,201903
20190206,20190205,73,164030073,023002113,25287,N,1,431,201903
20190206,20190205,73,164030073,025101720,25279,N,30,432,201903
20190206,20190205,73,164030073,025101720,25280,N,2,433,201903
20190206,20190205,73,164030073,025101720,25281,N,3,434,201903
20190206,20190205,73,164030073,025513327,25262,N,5,435,201903
20190206,20190205,73,164030073,025919996,25230,N,11,436,201903
20190206,20190205,73,164030073,025920231,25230,N,8,437,201903
20190206,20190205,73,164030073,031839022,25239,N,1,438,201903
20190206,20190205,73,164030073,031927580,25229,N,1,439,201903
20190206,20190205,73,164030073,032623380,25271,N,1,440,201903
20190206,20190205,73,164030073,035906811,25262,N,1,441,201903
20190206,20190205,73,164030073,040053169,25271,N,10,442,201903
20190206,20190205,73,164030073,040053292,25271,N,11,443,201903
20190206,20190205,73,164030073,040103918,25275,N,3,444,201903
20190206,20190205,73,164030073,040247155,25290,N,11,445,201903
20190206,20190205,73,164030073,040249936,25290,N,11,446,201903
20190206,20190205,73,164030073,040411661,25300,N,1,447,201903
20190206,20190205,73,164030073,040613731,25315,N,20,448,201903
20190206,20190205,73,164030073,040613731,25316,N,10,449,201903
20190206,20190205,73,164030073,041513103,25330,N,1,450,201903
20190206,20190205,73,164030073,042928215,25314,N,1,451,201903
20190206,20190205,73,164030073,043229690,25316,N,10,452,201903
20190206,20190205,73,164030073,043922651,25317,N,1,453,201903
20190206,20190205,73,164030073,044210976,25321,N,1,454,201903
20190206,20190205,73,164030073,045244449,25328,N,10,455,201903
20190206,20190205,73,164030073,050150147,25330,N,2,456,201903
20190206,20190205,73,164030073,050616343,25327,N,2,457,201903
20190206,20190205,73,164030073,050941538,25335,N,2,458,201903
20190206,20190205,73,164030073,051046896,25325,N,1,459,201903
20190206,20190205,73,164030073,051830208,25325,N,1,460,201903
20190206,20190205,73,164030073,052038384,25336,N,1,461,201903
20190206,20190205,73,164030073,053001019,25353,E,3,462,201903
20190206,20190206,73,164030073,084501051,25302,O,11,463,201903
20190206,20190206,73,164030073,084526070,25309,N,1,464,201903
20190206,20190206,73,164030073,084706482,25310,N,3,465,201903
20190206,20190206,73,164030073,085221595,25314,N,10,466,201903
20190206,20190206,73,164030073,085423990,25307,N,1,467,201903
20190206,20190206,73,164030073,085537082,25310,N,4,468,201903
20190206,20190206,73,164030073,085749493,25315,N,1,469,201903
20190206,20190206,73,164030073,090114368,25304,N,1,470,201903
20190206,20190206,73,164030073,090156430,25303,N,1,471,201903
20190206,20190206,73,164030073,090244686,25300,N,1,472,201903
20190206,20190206,73,164030073,090530534,25302,N,1,473,201903
20190206,20190206,73,164030073,090554554,25305,N,1,474,201903
20190206,20190206,73,164030073,090625420,25303,N,1,475,201903
20190206,20190206,73,164030073,090648544,25302,N,1,476,201903
20190206,20190206,73,164030073,091036455,25300,N,20,477,201903
20190206,20190206,73,164030073,091036455,25299,N,10,478,201903
20190206,20190206,73,164030073,091518421,25304,N,1,479,201903
20190206,20190206,73,164030073,091553920,25307,N,1,480,201903
20190206,20190206,73,164030073,091856650,25307,N,1,481,201903
20190206,20190206,73,164030073,091926524,25303,N,1,482,201903
20190206,20190206,73,164030073,092123850,25310,N,1,483,201903
20190206,20190206,73,164030073,093046523,25312,N,1,484,201903
20190206,20190206,73,164030073,093157395,25316,N,5,485,201903
20190206,20190206,73,164030073,094351137,25318,N,1,486,201903
20190206,20190206,73,164030073,100105075,25310,N,1,487,201903
20190206,20190206,73,164030073,102758274,25317,N,1,488,201903
20190206,20190206,73,164030073,103103368,25300,N,11,489,201903
20190206,20190206,73,164030073,103103475,25300,N,3,490,201903
20190206,20190206,73,164030073,103527030,25315,N,5,491,201903
20190206,20190206,73,164030073,103721326,25325,N,5,492,201903
20190206,20190206,73,164030073,103925803,25320,N,5,493,201903
20190206,20190206,73,164030073,103926837,25319,N,1,494,201903
20190206,20190206,73,164030073,104054161,25318,N,1,495,201903
20190206,20190206,73,164030073,105529803,25330,N,5,496,201903
20190206,20190206,73,164030073,111727330,25330,N,2,497,201903
20190206,20190206,73,164030073,112727474,25336,N,1,498,201903
20190206,20190206,73,164030073,112727475,25340,N,1,499,201903
20190206,20190206,73,164030073,112933343,25331,N,10,500,201903
20190206,20190206,73,164030073,112933347,25330,N,10,501,201903
20190206,20190206,73,164030073,113353733,25329,N,2,502,201903
20190206,20190206,73,164030073,114304402,25335,N,1,503,201903
20190206,20190206,73,164030073,115555644,25326,N,1,504,201903
20190206,20190206,73,164030073,120000609,25324,N,1,505,201903
20190206,20190206,73,164030073,121352958,25327,N,1,506,201903
20190206,20190206,73,164030073,121904119,25328,N,1,507,201903
20190206,20190206,73,164030073,121923624,25329,N,1,508,201903
20190206,20190206,73,164030073,122713413,25330,N,1,509,201903
20190206,20190206,73,164030073,122844166,25326,N,1,510,201903
20190206,20190206,73,164030073,123041548,25325,N,1,511,201903
20190206,20190206,73,164030073,123940035,25319,N,1,512,201903
20190206,20190206,73,164030073,124900791,25322,N,1,513,201903
20190206,20190206,73,164030073,125425374,25315,N,1,514,201903
20190206,20190206,73,164030073,125621150,25316,N,1,515,201903
20190206,20190206,73,164030073,130133728,25315,N,2,516,201903
20190206,20190206,73,164030073,130317348,25312,N,5,517,201903
20190206,20190206,73,164030073,130330679,25310,N,1,518,201903
20190206,20190206,73,164030073,130411637,25306,N,2,519,201903
20190206,20190206,73,164030073,130425266,25300,N,5,520,201903
20190206,20190206,73,164030073,130706730,25308,N,8,521,201903
20190206,20190206,73,164030073,130716757,25308,N,7,522,201903
20190206,20190206,73,164030073,131037097,25313,N,5,523,201903
20190206,20190206,73,164030073,131049265,25315,N,2,524,201903
20190206,20190206,73,164030073,131341582,25314,N,3,525,201903
20190206,20190206,73,164030073,131400229,25315,N,3,526,201903
20190206,20190206,73,164030073,131644859,25318,N,1,527,201903
20190206,20190206,73,164030073,133149613,25319,N,1,528,201903
20190206,20190206,73,164030073,133301840,25315,N,1,529,201903
20190206,20190206,73,164030073,134237921,25317,N,1,530,201903
20190206,20190206,73,164030073,134436071,25322,N,1,531,201903
20190206,20190206,73,164030073,140259222,25308,N,10,532,201903
20190206,20190206,73,164030073,141057892,25310,N,1,533,201903
20190206,20190206,73,164030073,141139605,25310,N,1,534,201903
20190206,20190206,73,164030073,142632307,25320,N,1,535,201903
20190206,20190206,73,164030073,143531758,25310,N,10,536,201903
20190206,20190206,73,164030073,144907877,25311,N,3,537,201903
20190206,20190206,73,164030073,145112646,25319,N,1,538,201903
20190206,20190206,73,164030073,145130502,25319,N,1,539,201903
20190206,20190206,73,164030073,145218786,25318,N,1,540,201903
20190206,20190206,73,164030073,145503669,25318,N,1,541,201903
20190206,20190206,73,164030073,145534982,25317,N,8,542,201903
20190206,20190206,73,164030073,145547893,25317,N,2,543,201903
20190206,20190206,73,164030073,150049689,25313,N,1,544,201903
20190206,20190206,73,164030073,150049701,25313,N,1,545,201903
20190206,20190206,73,164030073,150049712,25313,N,3,546,201903
20190206,20190206,73,164030073,150049724,25313,N,5,547,201903
20190206,20190206,73,164030073,150049737,25313,N,4,548,201903
20190206,20190206,73,164030073,150049748,25313,N,5,549,201903
20190206,20190206,73,164030073,150049949,25317,N,6,550,201903
20190206,20190206,73,164030073,150119927,25312,N,1,551,201903
20190206,20190206,73,164030073,150702573,25319,N,1,552,201903
20190206,20190206,73,164030073,150721493,25317,N,1,553,201903
20190206,20190206,73,164030073,150857740,25317,N,1,554,201903
20190206,20190206,73,164030073,150901372,25316,E,5,555,201903
20190206,20190205,73,164060073,215802973,25200,O,1,556,201906
20190206,20190205,73,164060073,002511179,25128,N,1,557,201906
20190206,20190205,73,164060073,002511179,25102,E,1,558,201906
20190206,20190206,73,164060073,090511982,25200,O,1,559,201906
20190206,20190206,73,164060073,130211027,25280,N,10,560,201906
20190206,20190206,73,164060073,130614658,25280,N,20,561,201906
20190206,20190206,73,164060073,131228441,25280,N,7,562,201906
20190206,20190206,73,164060073,132858045,25280,N,1,563,201906
20190206,20190206,73,164060073,133221467,25280,N,1,564,201906
20190206,20190206,73,164060073,145022559,25290,N,1,565,201906
20190206,20190206,73,164060073,145102469,25290,N,2,566,201906
20190206,20190206,73,164060073,150004689,25290,N,1,567,201906
20190206,20190206,73,164060073,150004700,25290,N,1,568,201906
20190206,20190206,73,164060073,150004711,25290,N,1,569,201906
20190206,20190206,73,164060073,150004721,25290,N,1,570,201906
20190206,20190206,73,164060073,150004731,25290,N,1,571,201906
20190206,20190206,73,164060073,150004742,25290,N,5,572,201906
20190206,20190206,73,164060073,150004752,25290,N,4,573,201906
20190206,20190206,73,164060073,150004768,25290,N,10,574,201906
20190206,20190206,73,164060073,150004784,25290,N,1,575,201906
20190206,20190206,73,164060073,150629728,25290,E,3,576,201906
20190206,20190205,73,164090073,003206023,25200,O,3,577,201909
20190206,20190205,73,164090073,003210992,25200,E,2,578,201909
20190207,20190206,73,164030073,163001045,25290,O,6,1,201903
20190207,20190206,73,164030073,163712334,25274,N,1,2,201903
20190207,20190206,73,164030073,163910283,25271,N,1,3,201903
20190207,20190206,73,164030073,164032701,25271,N,1,4,201903
20190207,20190206,73,164030073,165256070,25262,N,1,5,201903
20190207,20190206,73,164030073,165256071,25262,N,2,6,201903
20190207,20190206,73,164030073,165314190,25264,N,4,7,201903
20190207,20190206,73,164030073,165641656,25268,N,1,8,201903
20190207,20190206,73,164030073,170719980,25262,N,8,9,201903
20190207,20190206,73,164030073,170900639,25270,N,2,10,201903
20190207,20190206,73,164030073,171034034,25274,N,1,11,201903
20190207,20190206,73,164030073,171201803,25270,N,1,12,201903
20190207,20190206,73,164030073,171522295,25273,N,10,13,201903
20190207,20190206,73,164030073,171522295,25272,N,10,14,201903
20190207,20190206,73,164030073,171624050,25276,N,1,15,201903
20190207,20190206,73,164030073,172505027,25276,N,1,16,201903
20190207,20190206,73,164030073,180123599,25267,N,9,17,201903
20190207,20190206,73,164030073,181000792,25255,N,20,18,201903
20190207,20190206,73,164030073,181044718,25255,N,1,19,201903
20190207,20190206,73,164030073,181249146,25251,N,7,20,201903
20190207,20190206,73,164030073,181321076,25250,N,10,21,201903
20190207,20190206,73,164030073,181322059,25244,N,1,22,201903
20190207,20190206,73,164030073,181322066,25244,N,1,23,201903
20190207,20190206,73,164030073,181324850,25244,N,1,24,201903
20190207,20190206,73,164030073,181424395,25250,N,3,25,201903
20190207,20190206,73,164030073,181436283,25250,N,1,26,201903
20190207,20190206,73,164030073,181929077,25255,N,19,27,201903
20190207,20190206,73,164030073,182003046,25256,N,5,28,201903
20190207,20190206,73,164030073,182003046,25256,N,5,29,201903
20190207,20190206,73,164030073,182253128,25256,N,1,30,201903
20190207,20190206,73,164030073,182310448,25258,N,10,31,201903
20190207,20190206,73,164030073,182312585,25258,N,6,32,201903
20190207,20190206,73,164030073,182430545,25259,N,1,33,201903
20190207,20190206,73,164030073,182523646,25258,N,1,34,201903
20190207,20190206,73,164030073,183427677,25255,N,2,35,201903
20190207,20190206,73,164030073,184317240,25253,N,10,36,201903
20190207,20190206,73,164030073,184458964,25250,N,2,37,201903
20190207,20190206,73,164030073,184551174,25250,N,2,38,201903
20190207,20190206,73,164030073,185213390,25260,N,10,39,201903
20190207,20190206,73,164030073,190032750,25265,N,10,40,201903
20190207,20190206,73,164030073,190052797,25265,N,3,41,201903
20190207,20190206,73,164030073,191342687,25266,N,10,42,201903
20190207,20190206,73,164030073,191724589,25267,N,2,43,201903
20190207,20190206,73,164030073,192605362,25279,N,2,44,201903
20190207,20190206,73,164030073,192802856,25277,N,1,45,201903
20190207,20190206,73,164030073,193120591,25279,N,2,46,201903
20190207,20190206,73,164030073,193402427,25277,N,1,47,201903
20190207,20190206,73,164030073,193709230,25271,N,1,48,201903
20190207,20190206,73,164030073,200239317,25295,N,1,49,201903
20190207,20190206,73,164030073,201102513,25292,N,10,50,201903
20190207,20190206,73,164030073,201102513,25293,N,10,51,201903
20190207,20190206,73,164030073,201736454,25285,N,10,52,201903
20190207,20190206,73,164030073,202336525,25290,N,10,53,201903
20190207,20190206,73,164030073,202345049,25290,N,11,54,201903
20190207,20190206,73,164030073,202417772,25290,N,9,55,201903
20190207,20190206,73,164030073,202559153,25290,N,1,56,201903
20190207,20190206,73,164030073,202659020,25290,N,9,57,201903
20190207,20190206,73,164030073,202659445,25290,N,10,58,201903
20190207,20190206,73,164030073,202753714,25290,N,20,59,201903
20190207,20190206,73,164030073,202813175,25288,N,10,60,201903
20190207,20190206,73,164030073,204541598,25285,N,10,61,201903
20190207,20190206,73,164030073,205206238,25280,N,10,62,201903
20190207,20190206,73,164030073,211835227,25295,N,1,63,201903
20190207,20190206,73,164030073,212922071,25299,N,1,64,201903
20190207,20190206,73,164030073,215732448,25299,N,1,65,201903
20190207,20190206,73,164030073,220705686,25314,N,2,66,201903
20190207,20190206,73,164030073,220705687,25314,N,1,67,201903
20190207,20190206,73,164030073,220949660,25312,N,2,68,201903
20190207,20190206,73,164030073,221140914,25315,N,2,69,201903
20190207,20190206,73,164030073,222039856,25323,N,1,70,201903
20190207,20190206,73,164030073,222626943,25320,N,1,71,201903
20190207,20190206,73,164030073,222627531,25319,N,5,72,201903
20190207,20190206,73,164030073,223051941,25324,N,1,73,201903
20190207,20190206,73,164030073,224349954,25325,N,1,74,201903
20190207,20190206,73,164030073,225538218,25324,N,11,75,201903
20190207,20190206,73,164030073,225543799,25323,N,4,76,201903
20190207,20190206,73,164030073,230214425,25327,N,1,77,201903
20190207,20190206,73,164030073,230311092,25329,N,1,78,201903
20190207,20190206,73,164030073,231140322,25328,N,3,79,201903
20190207,20190206,73,164030073,231146011,25329,N,1,80,201903
20190207,20190206,73,164030073,231357854,25320,N,1,81,201903
20190207,20190206,73,164030073,231542167,25314,N,1,82,201903
20190207,20190206,73,164030073,231846312,25316,N,1,83,201903
20190207,20190206,73,164030073,232318555,25318,N,4,84,201903
20190207,20190206,73,164030073,233016326,25314,N,10,85,201903
20190207,20190206,73,164030073,233123428,25312,N,1,86,201903
20190207,20190206,73,164030073,233222897,25318,N,2,87,201903
20190207,20190206,73,164030073,233302817,25340,N,1,88,201903
20190207,20190206,73,164030073,233302818,25345,N,1,89,201903
20190207,20190206,73,164030073,233330743,25349,N,10,90,201903
20190207,20190206,73,164030073,233330812,25349,N,10,91,201903
20190207,20190206,73,164030073,233330941,25350,N,1,92,201903
20190207,20190206,73,164030073,233330941,25352,N,2,93,201903
20190207,20190206,73,164030073,233352672,25352,N,1,94,201903
20190207,20190206,73,164030073,233400411,25348,N,2,95,201903
20190207,20190206,73,164030073,233816877,25300,N,2,96,201903
20190207,20190206,73,164030073,233848056,25299,N,1,97,201903
20190207,20190206,73,164030073,234024346,25307,N,1,98,201903
20190207,20190206,73,164030073,234112156,25301,N,1,99,201903
20190207,20190206,73,164030073,234543943,25300,N,1,100,201903
20190207,20190206,73,164030073,234629329,25315,N,1,101,201903
20190207,20190206,73,164030073,234629329,25316,N,4,102,201903
20190207,20190206,73,164030073,234640942,25312,N,1,103,201903
20190207,20190206,73,164030073,235333965,25312,N,1,104,201903
20190207,20190206,73,164030073,235920215,25283,N,1,105,201903
20190207,20190206,73,164030073,000000274,25283,N,10,106,201903
20190207,20190206,73,164030073,000252404,25264,N,1,107,201903
20190207,20190206,73,164030073,000439798,25278,N,5,108,201903
20190207,20190206,73,164030073,001045288,25262,N,1,109,201903
20190207,20190206,73,164030073,001430503,25255,N,2,110,201903
20190207,20190206,73,164030073,001437914,25250,N,10,111,201903
20190207,20190206,73,164030073,001449726,25250,N,1,112,201903
20190207,20190206,73,164030073,001505587,25251,N,1,113,201903
20190207,20190206,73,164030073,001514100,25254,N,1,114,201903
20190207,20190206,73,164030073,001544030,25246,N,1,115,201903
20190207,20190206,73,164030073,001616113,25249,N,1,116,201903
20190207,20190206,73,164030073,001638033,25254,N,3,117,201903
20190207,20190206,73,164030073,001705625,25255,N,1,118,201903
20190207,20190206,73,164030073,001708696,25257,N,1,119,201903
20190207,20190206,73,164030073,001821338,25267,N,7,120,201903
20190207,20190206,73,164030073,001840737,25267,N,3,121,201903
20190207,20190206,73,164030073,001846778,25266,N,3,122,201903
20190207,20190206,73,164030073,002017280,25271,N,1,123,201903
20190207,20190206,73,164030073,002036049,25265,N,1,124,201903
20190207,20190206,73,164030073,002040415,25265,N,2,125,201903
20190207,20190206,73,164030073,002121551,25270,N,5,126,201903
20190207,20190206,73,164030073,002142758,25264,N,3,127,201903
20190207,20190206,73,164030073,002206305,25254,N,3,128,201903
20190207,20190206,73,164030073,002209208,25253,N,3,129,201903
20190207,20190206,73,164030073,002319406,25261,N,2,130,201903
20190207,20190206,73,164030073,002331246,25254,N,5,131,201903
20190207,20190206,73,164030073,002334198,25248,N,2,132,201903
20190207,20190206,73,164030073,002427238,25268,N,3,133,201903
20190207,20190206,73,164030073,002510176,25272,N,2,134,201903
