Trade_Date,Make_Date,Index_Type,Security_Code,Time,Trade_Price,Price_Type,Trade_Volume,No,Contract_Month
20190603,20190531,73,164060073,163001045,24933,O,2,1,201906
20190603,20190531,73,164060073,163118714,24924,N,1,2,201906
20190603,20190531,73,164060073,164822532,24938,N,2,3,201906
20190603,20190531,73,164060073,164854576,24938,N,1,4,201906
20190603,20190531,73,164060073,165207887,24928,N,1,5,201906
20190603,20190531,73,164060073,170107713,24930,N,1,6,201906
20190603,20190531,73,164060073,170108115,24930,N,1,7,201906
20190603,20190531,73,164060073,170258206,24930,N,1,8,201906
20190603,20190531,73,164060073,171015294,24950,N,1,9,201906
20190603,20190531,73,164060073,171237790,24937,N,1,10,201906
20190603,20190531,73,164060073,171927806,24937,N,1,11,201906
20190603,20190531,73,164060073,174447562,24931,N,3,12,201906
20190603,20190531,73,164060073,174529864,24929,N,1,13,201906
20190603,20190531,73,164060073,174806292,24929,N,2,14,201906
20190603,20190531,73,164060073,174956481,24929,N,1,15,201906
20190603,20190531,73,164060073,175055612,24929,N,1,16,201906
20190603,20190531,73,164060073,175617768,24935,N,10,17,201906
20190603,20190531,73,164060073,175623705,24934,N,10,18,201906
20190603,20190531,73,164060073,175623717,24933,N,10,19,201906
20190603,20190531,73,164060073,175623825,24935,N,10,20,201906
20190603,20190531,73,164060073,175653689,24929,N,10,21,201906
20190603,20190531,73,164060073,175653692,24928,N,1,22,201906
20190603,20190531,73,164060073,175811818,24921,N,10,23,201906
20190603,20190531,73,164060073,175813271,24923,N,1,24,201906
20190603,20190531,73,164060073,175817849,24926,N,1,25,201906
20190603,20190531,73,164060073,175906127,24927,N,10,26,201906
20190603,20190531,73,164060073,175906147,24930,N,8,27,201906
20190603,20190531,73,164060073,175906478,24926,N,1,28,201906
20190603,20190531,73,164060073,175925673,24925,N,10,29,201906
20190603,20190531,73,164060073,180053006,24920,N,1,30,201906
20190603,20190531,73,164060073,180054436,24915,N,10,31,201906
20190603,20190531,73,164060073,180056702,24915,N,10,32,201906
20190603,20190531,73,164060073,180155779,24923,N,10,33,201906
20190603,20190531,73,164060073,180446092,24935,N,10,34,201906
20190603,20190531,73,164060073,180446092,24936,N,1,35,201906
20190603,20190531,73,164060073,180536595,24938,N,1,36,201906
20190603,20190531,73,164060073,180546690,24940,N,1,37,201906
20190603,20190531,73,164060073,181217924,24936,N,1,38,201906
20190603,20190531,73,164060073,181640335,24939,N,1,39,201906
20190603,20190531,73,164060073,181707474,24943,N,1,40,201906
20190603,20190531,73,164060073,182011003,24914,N,10,41,201906
20190603,20190531,73,164060073,182155840,24915,N,1,42,201906
20190603,20190531,73,164060073,182315974,24913,N,1,43,201906
20190603,20190531,73,164060073,182444023,24922,N,1,44,201906
20190603,20190531,73,164060073,182506914,24921,N,10,45,201906
20190603,20190531,73,164060073,182507019,24917,N,10,46,201906
20190603,20190531,73,164060073,182507200,24917,N,7,47,201906
20190603,20190531,73,164060073,182507780,24915,N,10,48,201906
20190603,20190531,73,164060073,182554460,24914,N,6,49,201906
20190603,20190531,73,164060073,182837874,24912,N,2,50,201906
20190603,20190531,73,164060073,182844208,24917,N,10,51,201906
20190603,20190531,73,164060073,182848319,24905,N,10,52,201906
20190603,20190531,73,164060073,182848958,24903,N,10,53,201906
20190603,20190531,73,164060073,182850622,24898,N,10,54,201906
20190603,20190531,73,164060073,182935631,24909,N,10,55,201906
20190603,20190531,73,164060073,182938223,24901,N,10,56,201906
20190603,20190531,73,164060073,183016648,24905,N,1,57,201906
20190603,20190531,73,164060073,183252912,24903,N,10,58,201906
20190603,20190531,73,164060073,183402492,24890,N,10,59,201906
20190603,20190531,73,164060073,183644841,24883,N,10,60,201906
20190603,20190531,73,164060073,184001040,24891,N,2,61,201906
20190603,20190531,73,164060073,184106483,24890,N,2,62,201906
20190603,20190531,73,164060073,184109294,24894,N,2,63,201906
20190603,20190531,73,164060073,184109294,24894,N,8,64,201906
20190603,20190531,73,164060073,184109416,24891,N,10,65,201906
20190603,20190531,73,164060073,184119940,24890,N,1,66,201906
20190603,20190531,73,164060073,184246223,24894,N,1,67,201906
20190603,20190531,73,164060073,185040899,24876,N,1,68,201906
20190603,20190531,73,164060073,185410718,24886,N,1,69,201906
20190603,20190531,73,164060073,185423180,24890,N,1,70,201906
20190603,20190531,73,164060073,185536069,24898,N,1,71,201906
20190603,20190531,73,164060073,185603520,24896,N,1,72,201906
20190603,20190531,73,164060073,185911793,24882,N,1,73,201906
20190603,20190531,73,164060073,190000312,24883,N,1,74,201906
20190603,20190531,73,164060073,190838871,24889,N,1,75,201906
20190603,20190531,73,164060073,191429832,24895,N,2,76,201906
20190603,20190531,73,164060073,192712120,24891,N,1,77,201906
20190603,20190531,73,164060073,193459177,24888,N,2,78,201906
20190603,20190531,73,164060073,194715170,24885,N,1,79,201906
20190603,20190531,73,164060073,194801214,24890,N,1,80,201906
20190603,20190531,73,164060073,194801311,24890,N,4,81,201906
20190603,20190531,73,164060073,194821795,24895,N,5,82,201906
20190603,20190531,73,164060073,194912709,24901,N,1,83,201906
20190603,20190531,73,164060073,194928141,24903,N,5,84,201906
20190603,20190531,73,164060073,195440412,24896,N,5,85,201906
20190603,20190531,73,164060073,195623055,24904,N,5,86,201906
20190603,20190531,73,164060073,195841841,24903,N,1,87,201906
20190603,20190531,73,164060073,200418897,24914,N,1,88,201906
20190603,20190531,73,164060073,201254862,24905,N,1,89,201906
20190603,20190531,73,164060073,201330830,24898,N,5,90,201906
20190603,20190531,73,164060073,201851136,24900,N,1,91,201906
20190603,20190531,73,164060073,202850206,24915,N,5,92,201906
20190603,20190531,73,164060073,203236034,24926,N,5,93,201906
20190603,20190531,73,164060073,205203863,24908,N,1,94,201906
20190603,20190531,73,164060073,205212488,24913,N,2,95,201906
20190603,20190531,73,164060073,205641258,24912,N,2,96,201906
20190603,20190531,73,164060073,210618985,24909,N,7,97,201906
20190603,20190531,73,164060073,210917586,24896,N,6,98,201906
20190603,20190531,73,164060073,211700501,24894,N,1,99,201906
20190603,20190531,73,164060073,212339248,24886,N,3,100,201906
20190603,20190531,73,164060073,212622239,24898,N,1,101,201906
20190603,20190531,73,164060073,212750563,24899,N,1,102,201906
20190603,20190531,73,164060073,213025847,24902,N,1,103,201906
20190603,20190531,73,164060073,213441962,24927,N,3,104,201906
20190603,20190531,73,164060073,214705981,24928,N,1,105,201906
20190603,20190531,73,164060073,214735436,24936,N,1,106,201906
20190603,20190531,73,164060073,215032055,24938,N,20,107,201906
20190603,20190531,73,164060073,215132827,24932,N,1,108,201906
20190603,20190531,73,164060073,215857901,24923,N,1,109,201906
20190603,20190531,73,164060073,221716450,24925,N,1,110,201906
20190603,20190531,73,164060073,221956322,24928,N,1,111,201906
20190603,20190531,73,164060073,222210495,24926,N,2,112,201906
20190603,20190531,73,164060073,223132219,24903,N,2,113,201906
20190603,20190531,73,164060073,223447722,24880,N,3,114,201906
20190603,20190531,73,164060073,223533009,24864,N,1,115,201906
20190603,20190531,73,164060073,223737930,24906,N,4,116,201906
20190603,20190531,73,164060073,223846969,24881,N,1,117,201906
20190603,20190531,73,164060073,224020144,24860,N,1,118,201906
20190603,20190531,73,164060073,224020186,24855,N,2,119,201906
20190603,20190531,73,164060073,224059904,24854,N,1,120,201906
20190603,20190531,73,164060073,224104699,24853,N,2,121,201906
20190603,20190531,73,164060073,224105969,24857,N,4,122,201906
20190603,20190531,73,164060073,224113369,24855,N,10,123,201906
20190603,20190531,73,164060073,224207243,24850,N,2,124,201906
20190603,20190531,73,164060073,224408892,24863,N,20,125,201906
20190603,20190531,73,164060073,224422939,24868,N,1,126,201906
20190603,20190531,73,164060073,224741994,24885,N,4,127,201906
20190603,20190531,73,164060073,225017046,24850,N,2,128,201906
20190603,20190531,73,164060073,225201377,24849,N,4,129,201906
20190603,20190531,73,164060073,225308048,24858,N,20,130,201906
20190603,20190531,73,164060073,225311770,24858,N,1,131,201906
20190603,20190531,73,164060073,225549581,24865,N,10,132,201906
20190603,20190531,73,164060073,225730950,24863,N,1,133,201906
20190603,20190531,73,164060073,225731481,24864,N,2,134,201906
20190603,20190531,73,164060073,225914781,24880,N,5,135,201906
20190603,20190531,73,164060073,225915176,24880,N,5,136,201906
20190603,20190531,73,164060073,230001354,24891,N,4,137,201906
20190603,20190531,73,164060073,230014080,24890,N,1,138,201906
20190603,20190531,73,164060073,230047575,24879,N,1,139,201906
20190603,20190531,73,164060073,230132370,24895,N,1,140,201906
20190603,20190531,73,164060073,230230275,24900,N,1,141,201906
20190603,20190531,73,164060073,230251266,24904,N,1,142,201906
20190603,20190531,73,164060073,230303288,24901,N,1,143,201906
20190603,20190531,73,164060073,230359207,24888,N,3,144,201906
20190603,20190531,73,164060073,230436063,24883,N,4,145,201906
20190603,20190531,73,164060073,230500865,24884,N,1,146,201906
20190603,20190531,73,164060073,230948047,24893,N,5,147,201906
20190603,20190531,73,164060073,231551306,24879,N,4,148,201906
20190603,20190531,73,164060073,231704410,24870,N,3,149,201906
20190603,20190531,73,164060073,231841667,24877,N,1,150,201906
20190603,20190531,73,164060073,231938190,24882,N,3,151,201906
20190603,20190531,73,164060073,231940885,24884,N,1,152,201906
20190603,20190531,73,164060073,232151571,24895,N,3,153,201906
20190603,20190531,73,164060073,232239049,24896,N,1,154,201906
20190603,20190531,73,164060073,232247161,24897,N,3,155,201906
20190603,20190531,73,164060073,232326415,24898,N,1,156,201906
20190603,20190531,73,164060073,232336703,24901,N,3,157,201906
20190603,20190531,73,164060073,232424395,24888,N,3,158,201906
20190603,20190531,73,164060073,232435721,24893,N,2,159,201906
20190603,20190531,73,164060073,232659734,24905,N,3,160,201906
20190603,20190531,73,164060073,232833174,24891,N,1,161,201906
20190603,20190531,73,164060073,232849102,24882,N,3,162,201906
20190603,20190531,73,164060073,232930729,24893,N,3,163,201906
20190603,20190531,73,164060073,233506406,24916,N,3,164,201906
20190603,20190531,73,164060073,233928750,24909,N,2,165,201906
20190603,20190531,73,164060073,234048533,24892,N,1,166,201906
20190603,20190531,73,164060073,234247170,24892,N,1,167,201906
20190603,20190531,73,164060073,234837006,24894,N,3,168,201906
20190603,20190531,73,164060073,234907775,24887,N,5,169,201906
20190603,20190531,73,164060073,234948905,24912,N,3,170,201906
20190603,20190531,73,164060073,235112668,24913,N,2,171,201906
20190603,20190531,73,164060073,235142218,24916,N,3,172,201906
20190603,20190531,73,164060073,235520044,24906,N,1,173,201906
20190603,20190531,73,164060073,000331145,24931,N,3,174,201906
20190603,20190531,73,164060073,000414737,24918,N,2,175,201906
20190603,20190531,73,164060073,001052584,24920,N,1,176,201906
20190603,20190531,73,164060073,001103581,24919,N,1,177,201906
20190603,20190531,73,164060073,001117721,24918,N,2,178,201906
20190603,20190531,73,164060073,001211255,24917,N,2,179,201906
20190603,20190531,73,164060073,001249310,24922,N,3,180,201906
20190603,20190531,73,164060073,001343433,24926,N,5,181,201906
20190603,20190531,73,164060073,001428809,24924,N,3,182,201906
20190603,20190531,73,164060073,001805319,24930,N,3,183,201906
20190603,20190531,73,164060073,002019968,24937,N,3,184,201906
20190603,20190531,73,164060073,002114817,24940,N,2,185,201906
20190603,20190531,73,164060073,002131787,24950,N,10,186,201906
20190603,20190531,73,164060073,002243079,24953,N,10,187,201906
20190603,20190531,73,164060073,002244462,24951,N,2,188,201906
20190603,20190531,73,164060073,002250337,24958,N,1,189,201906
20190603,20190531,73,164060073,002250415,24961,N,1,190,201906
20190603,20190531,73,164060073,002250707,24952,N,1,191,201906
20190603,20190531,73,164060073,002313286,24953,N,1,192,201906
20190603,20190531,73,164060073,002315829,24951,N,1,193,201906
20190603,20190531,73,164060073,002510763,24951,N,1,194,201906
20190603,20190531,73,164060073,002603937,24953,N,1,195,201906
20190603,20190531,73,164060073,002800302,24959,N,1,196,201906
20190603,20190531,73,164060073,003210994,24973,N,1,197,201906
20190603,20190531,73,164060073,003210995,24978,N,10,198,201906
20190603,20190531,73,164060073,003340918,24978,N,1,199,201906
20190603,20190531,73,164060073,003355056,24971,N,1,200,201906
20190603,20190531,73,164060073,003517606,24966,N,1,201,201906
20190603,20190531,73,164060073,003750434,24952,N,10,202,201906
20190603,20190531,73,164060073,003858348,24948,N,2,203,201906
20190603,20190531,73,164060073,004701614,24953,N,2,204,201906
20190603,20190531,73,164060073,011256000,24922,N,1,205,201906
20190603,20190531,73,164060073,013746560,24907,N,1,206,201906
20190603,20190531,73,164060073,015622381,24881,N,1,207,201906
20190603,20190531,73,164060073,021001143,24901,N,1,208,201906
20190603,20190531,73,164060073,021010916,24899,N,1,209,201906
20190603,20190531,73,164060073,022542632,24896,N,5,210,201906
20190603,20190531,73,164060073,022955650,24915,N,10,211,201906
20190603,20190531,73,164060073,023141325,24922,N,10,212,201906
20190603,20190531,73,164060073,023459485,24930,N,5,213,201906
20190603,20190531,73,164060073,023901049,24935,N,3,214,201906
20190603,20190531,73,164060073,023953840,24930,N,1,215,201906
20190603,20190531,73,164060073,024306811,24930,N,1,216,201906
20190603,20190531,73,164060073,031200399,24872,N,1,217,201906
20190603,20190531,73,164060073,032007973,24860,N,2,218,201906
20190603,20190531,73,164060073,032103765,24854,N,3,219,201906
20190603,20190531,73,164060073,032313526,24871,N,3,220,201906
20190603,20190531,73,164060073,033554807,24830,N,1,221,201906
20190603,20190531,73,164060073,040108199,24875,N,1,222,201906
20190603,20190531,73,164060073,041401996,24871,N,11,223,201906
20190603,20190531,73,164060073,041403042,24871,N,9,224,201906
20190603,20190531,73,164060073,041841389,24864,N,2,225,201906
20190603,20190531,73,164060073,042548644,24835,N,21,226,201906
20190603,20190531,73,164060073,043635256,24835,N,10,227,201906
20190603,20190531,73,164060073,044646635,24852,N,3,228,201906
20190603,20190531,73,164060073,045741582,24840,N,1,229,201906
20190603,20190531,73,164060073,045804260,24833,N,10,230,201906
20190603,20190531,73,164060073,045905537,24822,N,10,231,201906
20190603,20190531,73,164060073,045918054,24822,N,10,232,201906
20190603,20190531,73,164060073,045931537,24819,N,10,233,201906
20190603,20190531,73,164060073,045945085,24814,N,10,234,201906
20190603,20190531,73,164060073,050000113,24809,N,1,235,201906
20190603,20190531,73,164060073,050000124,24808,N,16,236,201906
20190603,20190531,73,164060073,050418181,24800,N,15,237,201906
20190603,20190531,73,164060073,050448200,24800,N,2,238,201906
20190603,20190531,73,164060073,050620642,24798,N,1,239,201906
20190603,20190531,73,164060073,050802633,24789,N,20,240,201906
20190603,20190531,73,164060073,050840275,24795,N,1,241,201906
20190603,20190531,73,164060073,053001020,24795,E,2,242,201906
20190603,20190603,73,164060073,084501051,24628,O,21,243,201906
20190603,20190603,73,164060073,084603632,24612,N,1,244,201906
20190603,20190603,73,164060073,084622775,24649,N,1,245,201906
20190603,20190603,73,164060073,084731459,24649,N,1,246,201906
20190603,20190603,73,164060073,085415471,24649,N,1,247,201906
20190603,20190603,73,164060073,085418335,24649,N,1,248,201906
20190603,20190603,73,164060073,085724969,24645,N,10,249,201906
20190603,20190603,73,164060073,085745905,24645,N,10,250,201906
20190603,20190603,73,164060073,085836879,24645,N,10,251,201906
20190603,20190603,73,164060073,090004256,24645,N,1,252,201906
20190603,20190603,73,164060073,090041378,24645,N,10,253,201906
20190603,20190603,73,164060073,090221674,24644,N,1,254,201906
20190603,20190603,73,164060073,090408641,24645,N,1,255,201906
20190603,20190603,73,164060073,090420182,24646,N,1,256,201906
20190603,20190603,73,164060073,090430471,24646,N,1,257,201906
20190603,20190603,73,164060073,090810546,24628,N,1,258,201906
20190603,20190603,73,164060073,090846452,24628,N,9,259,201906
20190603,20190603,73,164060073,090846452,24627,N,2,260,201906
20190603,20190603,73,164060073,090943211,24657,N,1,261,201906
20190603,20190603,73,164060073,091200928,24657,N,1,262,201906
20190603,20190603,73,164060073,091247733,24660,N,5,263,201906
20190603,20190603,73,164060073,091258993,24663,N,6,264,201906
20190603,20190603,73,164060073,091351224,24658,N,1,265,201906
20190603,20190603,73,164060073,091752932,24665,N,1,266,201906
20190603,20190603,73,164060073,091803132,24665,N,1,267,201906
20190603,20190603,73,164060073,092005745,24666,N,2,268,201906
20190603,20190603,73,164060073,093011684,24664,N,1,269,201906
20190603,20190603,73,164060073,093723443,24681,N,1,270,201906
20190603,20190603,73,164060073,093901614,24685,N,1,271,201906
20190603,20190603,73,164060073,094416921,24685,N,1,272,201906
20190603,20190603,73,164060073,095025136,24688,N,1,273,201906
20190603,20190603,73,164060073,095929949,24689,N,1,274,201906
20190603,20190603,73,164060073,100120909,24688,N,20,275,201906
20190603,20190603,73,164060073,100703324,24682,N,1,276,201906
20190603,20190603,73,164060073,101514323,24674,N,1,277,201906
20190603,20190603,73,164060073,102256424,24675,N,1,278,201906
20190603,20190603,73,164060073,103620571,24670,N,3,279,201906
20190603,20190603,73,164060073,104535360,24692,N,5,280,201906
20190603,20190603,73,164060073,104808036,24700,N,5,281,201906
20190603,20190603,73,164060073,105525593,24691,N,1,282,201906
20190603,20190603,73,164060073,105920712,24686,N,11,283,201906
20190603,20190603,73,164060073,110239624,24679,N,1,284,201906
20190603,20190603,73,164060073,110402123,24678,N,1,285,201906
20190603,20190603,73,164060073,110707132,24682,N,5,286,201906
20190603,20190603,73,164060073,110913281,24674,N,5,287,201906
20190603,20190603,73,164060073,110958248,24671,N,5,288,201906
20190603,20190603,73,164060073,111345835,24668,N,11,289,201906
20190603,20190603,73,164060073,111501171,24664,N,1,290,201906
20190603,20190603,73,164060073,112729766,24668,N,5,291,201906
20190603,20190603,73,164060073,115142760,24679,N,1,292,201906
20190603,20190603,73,164060073,115315919,24672,N,5,293,201906
20190603,20190603,73,164060073,120202893,24672,N,5,294,201906
20190603,20190603,73,164060073,121142519,24682,N,1,295,201906
20190603,20190603,73,164060073,122019658,24667,N,1,296,201906
20190603,20190603,73,164060073,124938728,24679,N,1,297,201906
20190603,20190603,73,164060073,125616288,24683,N,1,298,201906
20190603,20190603,73,164060073,133031969,24665,N,2,299,201906
20190603,20190603,73,164060073,140000953,24653,N,1,300,201906
20190603,20190603,73,164060073,142654272,24685,N,1,301,201906
20190603,20190603,73,164060073,142707480,24686,N,1,302,201906
20190603,20190603,73,164060073,142710395,24685,N,1,303,201906
20190603,20190603,73,164060073,142812970,24685,N,1,304,201906
20190603,20190603,73,164060073,143038704,24690,N,1,305,201906
20190603,20190603,73,164060073,143300808,24691,N,1,306,201906
20190603,20190603,73,164060073,143649634,24694,N,1,307,201906
20190603,20190603,73,164060073,144136076,24687,N,5,308,201906
20190603,20190603,73,164060073,144355488,24698,N,3,309,201906
20190603,20190603,73,164060073,144504251,24694,E,1,310,201906
20190603,20190531,73,164090073,163001045,24821,O,1,311,201909
20190603,20190531,73,164090073,223622230,24830,N,1,312,201909
20190603,20190531,73,164090073,224302215,24800,N,1,313,201909
20190603,20190531,73,164090073,230157484,24939,N,1,314,201909
20190603,20190531,73,164090073,235447251,24825,N,1,315,201909
20190603,20190531,73,164090073,003256868,24888,N,1,316,201909
20190603,20190531,73,164090073,050453438,24750,E,1,317,201909
20190603,20190603,73,164090073,084501051,24530,O,2,318,201909
20190603,20190603,73,164090073,104949383,24568,N,1,319,201909
20190603,20190603,73,164090073,134434750,24659,N,1,320,201909
20190603,20190603,73,164090073,134434750,24660,N,1,321,201909
20190603,20190603,73,164090073,134434750,24677,N,1,322,201909
20190603,20190603,73,164090073,134434750,24698,E,1,323,201909
20190603,20190531,73,164120073,230442917,24850,O,1,324,201912
20190604,20190603,73,164060073,163001046,24641,O,1,1,201906
20190604,20190603,73,164060073,164500121,24625,N,1,2,201906
20190604,20190603,73,164060073,164603610,24628,N,1,3,201906
20190604,20190603,73,164060073,164707990,24612,N,1,4,201906
20190604,20190603,73,164060073,165137195,24625,N,1,5,201906
20190604,20190603,73,164060073,165626717,24647,N,1,6,201906
20190604,20190603,73,164060073,170025461,24646,N,1,7,201906
20190604,20190603,73,164060073,170048309,24644,N,1,8,201906
20190604,20190603,73,164060073,170523015,24647,N,1,9,201906
20190604,20190603,73,164060073,170721800,24660,N,5,10,201906
20190604,20190603,73,164060073,172711450,24666,N,1,11,201906
20190604,20190603,73,164060073,173019648,24669,N,1,12,201906
20190604,20190603,73,164060073,173336380,24668,N,1,13,201906
20190604,20190603,73,164060073,174002338,24650,N,10,14,201906
20190604,20190603,73,164060073,174430867,24675,N,1,15,201906
20190604,20190603,73,164060073,180420128,24703,N,1,16,201906
20190604,20190603,73,164060073,180533336,24703,N,1,17,201906
20190604,20190603,73,164060073,181101748,24709,N,1,18,201906
20190604,20190603,73,164060073,181926832,24711,N,1,19,201906
20190604,20190603,73,164060073,183152017,24735,N,2,20,201906
20190604,20190603,73,164060073,183310975,24735,N,5,21,201906
20190604,20190603,73,164060073,183553360,24735,N,15,22,201906
20190604,20190603,73,164060073,184334094,24733,N,1,23,201906
20190604,20190603,73,164060073,184608176,24729,N,1,24,201906
20190604,20190603,73,164060073,185528922,24745,N,2,25,201906
20190604,20190603,73,164060073,185628071,24738,N,20,26,201906
20190604,20190603,73,164060073,190152686,24745,N,1,27,201906
20190604,20190603,73,164060073,190546124,24754,N,1,28,201906
20190604,20190603,73,164060073,190546125,24754,N,12,29,201906
20190604,20190603,73,164060073,190639680,24768,N,1,30,201906
20190604,20190603,73,164060073,190704643,24760,N,1,31,201906
20190604,20190603,73,164060073,190739040,24754,N,10,32,201906
20190604,20190603,73,164060073,190829176,24765,N,8,33,201906
20190604,20190603,73,164060073,191502225,24748,N,7,34,201906
20190604,20190603,73,164060073,191545091,24750,N,1,35,201906
20190604,20190603,73,164060073,192101108,24745,N,1,36,201906
20190604,20190603,73,164060073,192116249,24744,N,1,37,201906
20190604,20190603,73,164060073,192124374,24744,N,9,38,201906
20190604,20190603,73,164060073,192620245,24740,N,1,39,201906
20190604,20190603,73,164060073,193040803,24737,N,1,40,201906
20190604,20190603,73,164060073,193114393,24737,N,4,41,201906
20190604,20190603,73,164060073,193203268,24726,N,1,42,201906
20190604,20190603,73,164060073,193251948,24722,N,1,43,201906
20190604,20190603,73,164060073,193553051,24723,N,7,44,201906
20190604,20190603,73,164060073,194139624,24716,N,1,45,201906
20190604,20190603,73,164060073,194839480,24725,N,2,46,201906
20190604,20190603,73,164060073,195728993,24738,N,1,47,201906
20190604,20190603,73,164060073,201218574,24741,N,11,48,201906
20190604,20190603,73,164060073,201238996,24744,N,5,49,201906
20190604,20190603,73,164060073,201313207,24746,N,11,50,201906
20190604,20190603,73,164060073,201401706,24741,N,2,51,201906
20190604,20190603,73,164060073,201404199,24741,N,5,52,201906
20190604,20190603,73,164060073,201409619,24745,N,1,53,201906
20190604,20190603,73,164060073,201409619,24741,N,10,54,201906
20190604,20190603,73,164060073,201611828,24739,N,5,55,201906
20190604,20190603,73,164060073,202222248,24755,N,6,56,201906
20190604,20190603,73,164060073,202242304,24758,N,1,57,201906
20190604,20190603,73,164060073,203146569,24763,N,11,58,201906
20190604,20190603,73,164060073,203338767,24772,N,5,59,201906
20190604,20190603,73,164060073,203524851,24765,N,11,60,201906
20190604,20190603,73,164060073,203601090,24762,N,4,61,201906
20190604,20190603,73,164060073,203601526,24764,N,2,62,201906
20190604,20190603,73,164060073,203627182,24756,N,1,63,201906
20190604,20190603,73,164060073,203658902,24762,N,1,64,201906
20190604,20190603,73,164060073,203847392,24752,N,1,65,201906
20190604,20190603,73,164060073,203906533,24753,N,21,66,201906
20190604,20190603,73,164060073,203908541,24753,N,10,67,201906
20190604,20190603,73,164060073,203920272,24750,N,1,68,201906
20190604,20190603,73,164060073,203925739,24752,N,8,69,201906
20190604,20190603,73,164060073,204001396,24754,N,1,70,201906
20190604,20190603,73,164060073,204049527,24756,N,1,71,201906
20190604,20190603,73,164060073,204101624,24757,N,1,72,201906
20190604,20190603,73,164060073,205132154,24760,N,2,73,201906
20190604,20190603,73,164060073,205817769,24745,N,1,74,201906
20190604,20190603,73,164060073,211719512,24746,N,1,75,201906
20190604,20190603,73,164060073,212533366,24742,N,1,76,201906
20190604,20190603,73,164060073,212831946,24740,N,1,77,201906
20190604,20190603,73,164060073,213037387,24745,N,1,78,201906
20190604,20190603,73,164060073,213409466,24749,N,1,79,201906
20190604,20190603,73,164060073,213855988,24738,N,8,80,201906
20190604,20190603,73,164060073,213855988,24738,N,9,81,201906
20190604,20190603,73,164060073,214157095,24757,N,2,82,201906
20190604,20190603,73,164060073,214209930,24762,N,1,83,201906
20190604,20190603,73,164060073,214529792,24765,N,2,84,201906
20190604,20190603,73,164060073,214603028,24765,N,1,85,201906
20190604,20190603,73,164060073,214743249,24774,N,1,86,201906
20190604,20190603,73,164060073,215346460,24778,N,2,87,201906
20190604,20190603,73,164060073,215645137,24770,N,2,88,201906
20190604,20190603,73,164060073,220443636,24800,N,5,89,201906
20190604,20190603,73,164060073,220626488,24800,N,1,90,201906
20190604,20190603,73,164060073,220644882,24797,N,2,91,201906
20190604,20190603,73,164060073,220656289,24796,N,2,92,201906
20190604,20190603,73,164060073,220903238,24799,N,2,93,201906
20190604,20190603,73,164060073,222808286,24805,N,1,94,201906
20190604,20190603,73,164060073,223000132,24805,N,5,95,201906
20190604,20190603,73,164060073,223018858,24819,N,10,96,201906
20190604,20190603,73,164060073,223119741,24826,N,1,97,201906
20190604,20190603,73,164060073,223121365,24836,N,5,98,201906
20190604,20190603,73,164060073,223248597,24850,N,1,99,201906
20190604,20190603,73,164060073,223328450,24860,N,1,100,201906
20190604,20190603,73,164060073,223402247,24866,N,2,101,201906
20190604,20190603,73,164060073,223427019,24875,N,2,102,201906
20190604,20190603,73,164060073,223545958,24875,N,1,103,201906
20190604,20190603,73,164060073,223604790,24876,N,1,104,201906
20190604,20190603,73,164060073,223607162,24880,N,1,105,201906
20190604,20190603,73,164060073,223647539,24880,N,1,106,201906
20190604,20190603,73,164060073,223742050,24880,N,1,107,201906
20190604,20190603,73,164060073,224831860,24780,N,10,108,201906
20190604,20190603,73,164060073,224838599,24780,N,1,109,201906
20190604,20190603,73,164060073,224900457,24794,N,10,110,201906
20190604,20190603,73,164060073,224900457,24793,N,10,111,201906
20190604,20190603,73,164060073,224953598,24800,N,1,112,201906
20190604,20190603,73,164060073,225013695,24797,N,1,113,201906
20190604,20190603,73,164060073,225050025,24800,N,1,114,201906
20190604,20190603,73,164060073,225920975,24774,N,10,115,201906
20190604,20190603,73,164060073,230037806,24774,N,10,116,201906
20190604,20190603,73,164060073,230228769,24706,N,5,117,201906
20190604,20190603,73,164060073,230228971,24706,N,5,118,201906
20190604,20190603,73,164060073,230434726,24751,N,2,119,201906
20190604,20190603,73,164060073,231138018,24820,N,1,120,201906
20190604,20190603,73,164060073,231153905,24809,N,5,121,201906
20190604,20190603,73,164060073,231249275,24795,N,1,122,201906
20190604,20190603,73,164060073,231533313,24791,N,3,123,201906
20190604,20190603,73,164060073,231813425,24810,N,4,124,201906
20190604,20190603,73,164060073,232726253,24890,N,2,125,201906
20190604,20190603,73,164060073,232742649,24897,N,10,126,201906
20190604,20190603,73,164060073,232839183,24900,N,7,127,201906
20190604,20190603,73,164060073,232849890,24909,N,10,128,201906
20190604,20190603,73,164060073,232855181,24908,N,2,129,201906
20190604,20190603,73,164060073,233008439,24906,N,1,130,201906
20190604,20190603,73,164060073,233811287,24898,N,5,131,201906
20190604,20190603,73,164060073,234123326,24917,N,1,132,201906
20190604,20190603,73,164060073,234327437,24928,N,1,133,201906
20190604,20190603,73,164060073,234446523,24932,N,1,134,201906
20190604,20190603,73,164060073,235131385,24886,N,5,135,201906
20190604,20190603,73,164060073,000742763,24886,N,1,136,201906
20190604,20190603,73,164060073,001004836,24873,N,21,137,201906
20190604,20190603,73,164060073,001004836,24876,N,4,138,201906
20190604,20190603,73,164060073,001211503,24860,N,10,139,201906
20190604,20190603,73,164060073,001226208,24859,N,1,140,201906
20190604,20190603,73,164060073,001248016,24864,N,10,141,201906
20190604,20190603,73,164060073,001248016,24862,N,10,142,201906
20190604,20190603,73,164060073,001310174,24859,N,10,143,201906
20190604,20190603,73,164060073,001310181,24858,N,11,144,201906
20190604,20190603,73,164060073,001312838,24858,N,5,145,201906
20190604,20190603,73,164060073,001312963,24858,N,4,146,201906
20190604,20190603,73,164060073,002406332,24870,N,2,147,201906
20190604,20190603,73,164060073,004529592,24877,N,2,148,201906
20190604,20190603,73,164060073,004909459,24854,N,5,149,201906
20190604,20190603,73,164060073,004909591,24854,N,1,150,201906
20190604,20190603,73,164060073,011648003,24773,N,1,151,201906
20190604,20190603,73,164060073,011649117,24771,N,2,152,201906
20190604,20190603,73,164060073,012009594,24770,N,2,153,201906
20190604,20190603,73,164060073,013517642,24738,N,1,154,201906
20190604,20190603,73,164060073,013622188,24733,N,5,155,201906
20190604,20190603,73,164060073,014036063,24764,N,1,156,201906
20190604,20190603,73,164060073,014221491,24761,N,1,157,201906
20190604,20190603,73,164060073,014841787,24780,N,1,158,201906
20190604,20190603,73,164060073,020146687,24744,N,1,159,201906
20190604,20190603,73,164060073,021515882,24807,N,1,160,201906
20190604,20190603,73,164060073,022503045,24822,N,10,161,201906
20190604,20190603,73,164060073,022503049,24823,N,10,162,201906
20190604,20190603,73,164060073,022503603,24818,N,10,163,201906
20190604,20190603,73,164060073,022555425,24880,N,1,164,201906
20190604,20190603,73,164060073,022603197,24890,N,1,165,201906
20190604,20190603,73,164060073,022614208,24910,N,1,166,201906
20190604,20190603,73,164060073,022838796,24832,N,10,167,201906
20190604,20190603,73,164060073,022839800,24821,N,10,168,201906
20190604,20190603,73,164060073,022839858,24803,N,10,169,201906
20190604,20190603,73,164060073,023124170,24754,N,10,170,201906
20190604,20190603,73,164060073,023235797,24782,N,10,171,201906
20190604,20190603,73,164060073,023822781,24764,N,10,172,201906
20190604,20190603,73,164060073,023822782,24765,N,10,173,201906
20190604,20190603,73,164060073,025115061,24800,N,1,174,201906
20190604,20190603,73,164060073,025815071,24845,N,10,175,201906
20190604,20190603,73,164060073,025815130,24858,N,4,176,201906
20190604,20190603,73,164060073,030535568,24875,N,10,177,201906
20190604,20190603,73,164060073,035131859,24767,N,2,178,201906
20190604,20190603,73,164060073,040350882,24720,N,1,179,201906
20190604,20190603,73,164060073,041108323,24702,N,1,180,201906
20190604,20190603,73,164060073,041108338,24700,N,1,181,201906
20190604,20190603,73,164060073,041818043,24725,N,1,182,201906
20190604,20190603,73,164060073,042845713,24727,N,1,183,201906
20190604,20190603,73,164060073,043441187,24703,N,1,184,201906
20190604,20190603,73,164060073,044145327,24719,N,10,185,201906
20190604,20190603,73,164060073,044149117,24720,N,10,186,201906
20190604,20190603,73,164060073,050135182,24819,N,10,187,201906
20190604,20190603,73,164060073,050611600,24850,N,2,188,201906
20190604,20190603,73,164060073,051408771,24856,E,1,189,201906
20190604,20190604,73,164060073,084501051,24891,O,4,190,201906
20190604,20190604,73,164060073,084735652,24884,N,1,191,201906
20190604,20190604,73,164060073,085026778,24878,N,1,192,201906
20190604,20190604,73,164060073,085844943,24870,N,1,193,201906
20190604,20190604,73,164060073,090013649,24885,N,5,194,201906
20190604,20190604,73,164060073,090013649,24886,N,1,195,201906
20190604,20190604,73,164060073,092614257,24853,N,1,196,201906
20190604,20190604,73,164060073,092717644,24860,N,2,197,201906
20190604,20190604,73,164060073,093234895,24851,N,6,198,201906
20190604,20190604,73,164060073,094326405,24868,N,1,199,201906
20190604,20190604,73,164060073,094359608,24867,N,1,200,201906
20190604,20190604,73,164060073,094559199,24870,N,2,201,201906
20190604,20190604,73,164060073,094655447,24869,N,6,202,201906
20190604,20190604,73,164060073,101106479,24866,N,1,203,201906
20190604,20190604,73,164060073,101214993,24870,N,10,204,201906
20190604,20190604,73,164060073,101215200,24870,N,3,205,201906
20190604,20190604,73,164060073,102626526,24876,N,10,206,201906
20190604,20190604,73,164060073,102945791,24875,N,5,207,201906
20190604,20190604,73,164060073,103048488,24866,N,1,208,201906
20190604,20190604,73,164060073,103347677,24862,N,10,209,201906
20190604,20190604,73,164060073,103347677,24863,N,11,210,201906
20190604,20190604,73,164060073,103347677,24866,N,10,211,201906
20190604,20190604,73,164060073,103347677,24869,N,10,212,201906
20190604,20190604,73,164060073,103347801,24870,N,16,213,201906
20190604,20190604,73,164060073,103347926,24870,N,13,214,201906
20190604,20190604,73,164060073,103711196,24856,N,1,215,201906
20190604,20190604,73,164060073,104307478,24853,N,3,216,201906
20190604,20190604,73,164060073,105120306,24855,N,10,217,201906
20190604,20190604,73,164060073,105300935,24849,N,5,218,201906
20190604,20190604,73,164060073,105350083,24850,N,1,219,201906
20190604,20190604,73,164060073,105556923,24852,N,10,220,201906
20190604,20190604,73,164060073,105556923,24851,N,20,221,201906
20190604,20190604,73,164060073,110058814,24832,N,1,222,201906
20190604,20190604,73,164060073,110500618,24829,N,1,223,201906
20190604,20190604,73,164060073,111026897,24828,N,3,224,201906
20190604,20190604,73,164060073,111630805,24823,N,1,225,201906
20190604,20190604,73,164060073,111642938,24823,N,1,226,201906
20190604,20190604,73,164060073,111716341,24822,N,1,227,201906
20190604,20190604,73,164060073,111742924,24821,N,1,228,201906
20190604,20190604,73,164060073,111756553,24821,N,1,229,201906
20190604,20190604,73,164060073,111904477,24827,N,2,230,201906
20190604,20190604,73,164060073,112856876,24846,N,3,231,201906
20190604,20190604,73,164060073,112942627,24844,N,3,232,201906
20190604,20190604,73,164060073,114656024,24853,N,10,233,201906
20190604,20190604,73,164060073,120222249,24856,N,1,234,201906
20190604,20190604,73,164060073,120318698,24854,N,1,235,201906
20190604,20190604,73,164060073,122513623,24873,N,2,236,201906
20190604,20190604,73,164060073,124507882,24881,N,3,237,201906
20190604,20190604,73,164060073,124512855,24885,N,1,238,201906
20190604,20190604,73,164060073,124901416,24891,N,1,239,201906
20190604,20190604,73,164060073,124937475,24897,N,1,240,201906
20190604,20190604,73,164060073,125255901,24893,N,1,241,201906
20190604,20190604,73,164060073,125940596,24890,N,2,242,201906
20190604,20190604,73,164060073,130108101,24893,N,1,243,201906
20190604,20190604,73,164060073,140236274,24876,N,2,244,201906
20190604,20190604,73,164060073,140255461,24871,N,1,245,201906
20190604,20190604,73,164060073,140748446,24879,N,2,246,201906
20190604,20190604,73,164060073,143103488,24879,N,1,247,201906
20190604,20190604,73,164060073,143709383,24869,N,1,248,201906
20190604,20190604,73,164060073,144436654,24875,N,2,249,201906
20190604,20190604,73,164060073,145320410,24887,N,1,250,201906
20190604,20190604,73,164060073,150928521,24871,N,1,251,201906
20190604,20190604,73,164060073,151501009,24848,E,1,252,201906
20190604,20190603,73,164090073,170044186,24571,O,1,253,201909
20190604,20190603,73,164090073,170044186,24523,N,1,254,201909
20190604,20190603,73,164090073,192057123,24656,N,1,255,201909
20190604,20190603,73,164090073,192132877,24633,N,1,256,201909
20190604,20190603,73,164090073,193231910,24666,N,1,257,201909
20190604,20190603,73,164090073,201119241,24636,N,1,258,201909
20190604,20190603,73,164090073,201119241,24626,N,1,259,201909
20190604,20190603,73,164090073,201119241,24608,N,1,260,201909
20190604,20190603,73,164090073,201119241,24601,N,1,261,201909
20190604,20190603,73,164090073,201119241,24566,N,1,262,201909
20190604,20190603,73,164090073,201119241,24552,N,1,263,201909
20190604,20190603,73,164090073,201119241,24530,N,1,264,201909
20190604,20190603,73,164090073,201119241,24526,N,1,265,201909
20190604,20190603,73,164090073,201119241,24523,N,2,266,201909
20190604,20190603,73,164090073,231451791,24547,N,1,267,201909
20190604,20190603,73,164090073,232222328,24552,E,1,268,201909
20190604,20190604,73,164090073,084501051,24788,O,3,269,201909
20190604,20190604,73,164090073,101050657,24789,N,1,270,201909
20190604,20190604,73,164090073,115935549,24800,N,1,271,201909
20190604,20190604,73,164090073,125355520,24801,N,1,272,201909
20190604,20190604,73,164090073,134934437,24802,N,1,273,201909
20190604,20190604,73,164090073,143617030,24802,N,1,274,201909
20190604,20190604,73,164090073,145304881,24803,E,1,275,201909
20190605,20190604,73,164060073,163413882,24940,O,3,1,201906
20190605,20190604,73,164060073,165501306,24961,N,2,2,201906
20190605,20190604,73,164060073,170320353,24939,N,1,3,201906
20190605,20190604,73,164060073,170341923,24939,N,1,4,201906
20190605,20190604,73,164060073,173827568,24964,N,1,5,201906
20190605,20190604,73,164060073,174207364,24967,N,10,6,201906
20190605,20190604,73,164060073,174333613,24970,N,10,7,201906
20190605,20190604,73,164060073,174701771,24974,N,3,8,201906
20190605,20190604,73,164060073,180355214,24973,N,1,9,201906
20190605,20190604,73,164060073,181127703,24977,N,1,10,201906
20190605,20190604,73,164060073,184514649,24953,N,10,11,201906
20190605,20190604,73,164060073,190729067,24979,N,2,12,201906
20190605,20190604,73,164060073,191112314,25000,N,9,13,201906
20190605,20190604,73,164060073,191414626,25000,N,1,14,201906
20190605,20190604,73,164060073,191649948,24996,N,1,15,201906
20190605,20190604,73,164060073,191714842,25001,N,1,16,201906
20190605,20190604,73,164060073,192437532,24995,N,2,17,201906
20190605,20190604,73,164060073,195231322,24970,N,1,18,201906
20190605,20190604,73,164060073,201044492,24974,N,1,19,201906
20190605,20190604,73,164060073,204523964,25022,N,10,20,201906
20190605,20190604,73,164060073,204523975,25023,N,10,21,201906
20190605,20190604,73,164060073,204523975,25024,N,7,22,201906
20190605,20190604,73,164060073,204839257,25015,N,1,23,201906
20190605,20190604,73,164060073,205359559,25007,N,1,24,201906
20190605,20190604,73,164060073,210501389,25014,N,10,25,201906
20190605,20190604,73,164060073,210501390,25013,N,2,26,201906
20190605,20190604,73,164060073,210501390,25013,N,8,27,201906
20190605,20190604,73,164060073,210522629,25008,N,10,28,201906
20190605,20190604,73,164060073,211536930,25019,N,1,29,201906
20190605,20190604,73,164060073,211836509,25030,N,1,30,201906
20190605,20190604,73,164060073,212157354,25031,N,1,31,201906
20190605,20190604,73,164060073,212158130,25033,N,1,32,201906
20190605,20190604,73,164060073,212251015,25035,N,1,33,201906
20190605,20190604,73,164060073,213010484,25026,N,1,34,201906
20190605,20190604,73,164060073,213627720,25033,N,1,35,201906
20190605,20190604,73,164060073,213743809,25031,N,2,36,201906
20190605,20190604,73,164060073,213854649,25022,N,10,37,201906
20190605,20190604,73,164060073,213854968,25022,N,10,38,201906
20190605,20190604,73,164060073,213855188,25022,N,10,39,201906
20190605,20190604,73,164060073,214447967,25040,N,1,40,201906
20190605,20190604,73,164060073,214806640,25040,N,1,41,201906
20190605,20190604,73,164060073,214814589,25043,N,1,42,201906
20190605,20190604,73,164060073,215138838,25044,N,11,43,201906
20190605,20190604,73,164060073,215138838,25043,N,10,44,201906
20190605,20190604,73,164060073,220219739,25046,N,1,45,201906
20190605,20190604,73,164060073,220331536,25050,N,9,46,201906
20190605,20190604,73,164060073,220345732,25050,N,10,47,201906
20190605,20190604,73,164060073,220347812,25048,N,10,48,201906
20190605,20190604,73,164060073,220347812,25047,N,1,49,201906
20190605,20190604,73,164060073,220347812,25047,N,10,50,201906
20190605,20190604,73,164060073,220401956,25047,N,1,51,201906
20190605,20190604,73,164060073,220428610,25050,N,1,52,201906
20190605,20190604,73,164060073,220457436,25046,N,5,53,201906
20190605,20190604,73,164060073,221633928,25060,N,1,54,201906
20190605,20190604,73,164060073,222355845,25064,N,1,55,201906
20190605,20190604,73,164060073,222436379,25063,N,9,56,201906
20190605,20190604,73,164060073,223001408,25055,N,10,57,201906
20190605,20190604,73,164060073,223045096,25051,N,1,58,201906
20190605,20190604,73,164060073,223312479,25051,N,1,59,201906
20190605,20190604,73,164060073,223347110,25065,N,1,60,201906
20190605,20190604,73,164060073,223446564,25069,N,1,61,201906
20190605,20190604,73,164060073,223448044,25070,N,1,62,201906
20190605,20190604,73,164060073,223502882,25075,N,2,63,201906
20190605,20190604,73,164060073,223502883,25085,N,1,64,201906
20190605,20190604,73,164060073,223502883,25088,N,1,65,201906
20190605,20190604,73,164060073,223523292,25088,N,11,66,201906
20190605,20190604,73,164060073,223523416,25088,N,4,67,201906
20190605,20190604,73,164060073,223524881,25090,N,1,68,201906
20190605,20190604,73,164060073,223743091,25055,N,1,69,201906
20190605,20190604,73,164060073,223809701,25045,N,2,70,201906
20190605,20190604,73,164060073,224117883,25034,N,11,71,201906
20190605,20190604,73,164060073,224118585,25034,N,9,72,201906
20190605,20190604,73,164060073,224148625,25041,N,21,73,201906
20190605,20190604,73,164060073,224229060,25045,N,1,74,201906
20190605,20190604,73,164060073,224505332,25050,N,1,75,201906
20190605,20190604,73,164060073,224711950,25050,N,1,76,201906
20190605,20190604,73,164060073,225020789,25037,N,5,77,201906
20190605,20190604,73,164060073,225033420,25029,N,10,78,201906
20190605,20190604,73,164060073,225143279,25028,N,20,79,201906
20190605,20190604,73,164060073,225143772,25028,N,10,80,201906
20190605,20190604,73,164060073,225451006,25043,N,1,81,201906
20190605,20190604,73,164060073,225508928,25050,N,1,82,201906
20190605,20190604,73,164060073,225607372,25075,N,1,83,201906
20190605,20190604,73,164060073,231444143,25065,N,1,84,201906
20190605,20190604,73,164060073,231500303,25078,N,10,85,201906
20190605,20190604,73,164060073,231500317,25080,N,1,86,201906
20190605,20190604,73,164060073,231506028,25086,N,10,87,201906
20190605,20190604,73,164060073,231506031,25087,N,10,88,201906
20190605,20190604,73,164060073,231506032,25088,N,10,89,201906
20190605,20190604,73,164060073,231509725,25088,N,10,90,201906
20190605,20190604,73,164060073,231528657,25094,N,15,91,201906
20190605,20190604,73,164060073,231528658,25095,N,1,92,201906
20190605,20190604,73,164060073,231533807,25100,N,5,93,201906
20190605,20190604,73,164060073,231618647,25099,N,1,94,201906
20190605,20190604,73,164060073,231804573,25105,N,4,95,201906
20190605,20190604,73,164060073,231808614,25100,N,5,96,201906
20190605,20190604,73,164060073,232213091,25109,N,1,97,201906
20190605,20190604,73,164060073,232330656,25126,N,10,98,201906
20190605,20190604,73,164060073,232545268,25140,N,2,99,201906
20190605,20190604,73,164060073,232707691,25159,N,10,100,201906
20190605,20190604,73,164060073,232707692,25160,N,11,101,201906
20190605,20190604,73,164060073,233221667,25171,N,1,102,201906
20190605,20190604,73,164060073,233432277,25180,N,5,103,201906
20190605,20190604,73,164060073,233537326,25150,N,1,104,201906
20190605,20190604,73,164060073,234534688,25149,N,10,105,201906
20190605,20190604,73,164060073,235531270,25150,N,5,106,201906
20190605,20190604,73,164060073,235804436,25168,N,1,107,201906
20190605,20190604,73,164060073,235850074,25169,N,1,108,201906
20190605,20190604,73,164060073,235944326,25178,N,1,109,201906
20190605,20190604,73,164060073,000339703,25185,N,1,110,201906
20190605,20190604,73,164060073,000359495,25200,N,5,111,201906
20190605,20190604,73,164060073,000414137,25215,N,1,112,201906
20190605,20190604,73,164060073,000442249,25220,N,1,113,201906
20190605,20190604,73,164060073,000507970,25223,N,5,114,201906
20190605,20190604,73,164060073,000820539,25222,N,1,115,201906
20190605,20190604,73,164060073,001040390,25229,N,6,116,201906
20190605,20190604,73,164060073,001250133,25240,N,2,117,201906
20190605,20190604,73,164060073,001431008,25235,N,1,118,201906
20190605,20190604,73,164060073,001525326,25233,N,1,119,201906
20190605,20190604,73,164060073,001629778,25220,N,1,120,201906
20190605,20190604,73,164060073,001638175,25220,N,1,121,201906
20190605,20190604,73,164060073,001730786,25220,N,8,122,201906
20190605,20190604,73,164060073,001743520,25222,N,8,123,201906
20190605,20190604,73,164060073,001823510,25226,N,1,124,201906
20190605,20190604,73,164060073,002523782,25231,N,1,125,201906
20190605,20190604,73,164060073,003903860,25230,N,10,126,201906
20190605,20190604,73,164060073,004153560,25243,N,1,127,201906
20190605,20190604,73,164060073,004957055,25250,N,4,128,201906
20190605,20190604,73,164060073,005018067,25245,N,2,129,201906
20190605,20190604,73,164060073,005129090,25239,N,1,130,201906
20190605,20190604,73,164060073,005315564,25250,N,3,131,201906
20190605,20190604,73,164060073,005330299,25245,N,3,132,201906
20190605,20190604,73,164060073,005355298,25235,N,5,133,201906
20190605,20190604,73,164060073,005426366,25235,N,3,134,201906
20190605,20190604,73,164060073,005441497,25235,N,1,135,201906
20190605,20190604,73,164060073,005500645,25235,N,6,136,201906
20190605,20190604,73,164060073,005523569,25243,N,1,137,201906
20190605,20190604,73,164060073,010158440,25222,N,1,138,201906
20190605,20190604,73,164060073,010345801,25220,N,1,139,201906
20190605,20190604,73,164060073,010541766,25206,N,1,140,201906
20190605,20190604,73,164060073,011202742,25203,N,3,141,201906
20190605,20190604,73,164060073,011227054,25194,N,1,142,201906
20190605,20190604,73,164060073,011838285,25195,N,2,143,201906
20190605,20190604,73,164060073,011904857,25201,N,1,144,201906
20190605,20190604,73,164060073,012357393,25221,N,1,145,201906
20190605,20190604,73,164060073,014315839,25225,N,1,146,201906
20190605,20190604,73,164060073,015101083,25275,N,2,147,201906
20190605,20190604,73,164060073,015436183,25272,N,1,148,201906
20190605,20190604,73,164060073,015606512,25281,N,1,149,201906
20190605,20190604,73,164060073,015923544,25259,N,1,150,201906
20190605,20190604,73,164060073,020024140,25261,N,1,151,201906
20190605,20190604,73,164060073,020416332,25266,N,1,152,201906
20190605,20190604,73,164060073,020749596,25259,N,7,153,201906
20190605,20190604,73,164060073,021503071,25238,N,1,154,201906
20190605,20190604,73,164060073,022432408,25247,N,1,155,201906
20190605,20190604,73,164060073,022708810,25257,N,2,156,201906
20190605,20190604,73,164060073,023233003,25276,N,5,157,201906
20190605,20190604,73,164060073,023852312,25245,N,1,158,201906
20190605,20190604,73,164060073,024900975,25270,N,1,159,201906
20190605,20190604,73,164060073,024902978,25275,N,7,160,201906
20190605,20190604,73,164060073,024955862,25266,N,1,161,201906
20190605,20190604,73,164060073,025040368,25268,N,2,162,201906
20190605,20190604,73,164060073,025123754,25266,N,6,163,201906
20190605,20190604,73,164060073,025400978,25268,N,10,164,201906
20190605,20190604,73,164060073,025607895,25261,N,1,165,201906
20190605,20190604,73,164060073,030018945,25283,N,1,166,201906
20190605,20190604,73,164060073,032931973,25245,N,1,167,201906
20190605,20190604,73,164060073,034456796,25249,N,5,168,201906
20190605,20190604,73,164060073,040220627,25242,N,1,169,201906
20190605,20190604,73,164060073,040617584,25266,N,1,170,201906
20190605,20190604,73,164060073,041247860,25272,N,2,171,201906
20190605,20190604,73,164060073,041831334,25261,N,2,172,201906
20190605,20190604,73,164060073,045001096,25285,N,10,173,201906
20190605,20190604,73,164060073,045001216,25288,N,2,174,201906
20190605,20190604,73,164060073,045001216,25289,N,1,175,201906
20190605,20190604,73,164060073,045409049,25295,N,3,176,201906
20190605,20190604,73,164060073,045813478,25330,N,1,177,201906
20190605,20190604,73,164060073,045813479,25347,N,5,178,201906
20190605,20190604,73,164060073,050040980,25333,N,1,179,201906
20190605,20190604,73,164060073,050207991,25336,N,1,180,201906
20190605,20190604,73,164060073,050929928,25328,N,1,181,201906
20190605,20190604,73,164060073,051046586,25328,N,5,182,201906
20190605,20190604,73,164060073,051046710,25328,N,9,183,201906
20190605,20190604,73,164060073,051256731,25334,N,1,184,201906
20190605,20190604,73,164060073,051302026,25334,N,2,185,201906
20190605,20190604,73,164060073,051347990,25334,N,1,186,201906
20190605,20190604,73,164060073,051455817,25333,N,15,187,201906
20190605,20190604,73,164060073,051455868,25336,N,5,188,201906
20190605,20190604,73,164060073,052115606,25332,E,2,189,201906
20190605,20190605,73,164060073,084501052,25386,O,10,190,201906
20190605,20190605,73,164060073,084534285,25332,N,1,191,201906
20190605,20190605,73,164060073,084802320,25348,N,1,192,201906
20190605,20190605,73,164060073,084816095,25380,N,20,193,201906
20190605,20190605,73,164060073,085054799,25380,N,5,194,201906
20190605,20190605,73,164060073,085114702,25380,N,5,195,201906
20190605,20190605,73,164060073,085114827,25380,N,5,196,201906
20190605,20190605,73,164060073,085117398,25380,N,5,197,201906
20190605,20190605,73,164060073,085507505,25380,N,11,198,201906
20190605,20190605,73,164060073,085507629,25380,N,5,199,201906
20190605,20190605,73,164060073,085508101,25380,N,4,200,201906
20190605,20190605,73,164060073,085550418,25381,N,1,201,201906
20190605,20190605,73,164060073,085602937,25384,N,5,202,201906
20190605,20190605,73,164060073,085603062,25384,N,15,203,201906
20190605,20190605,73,164060073,085749422,25390,N,5,204,201906
20190605,20190605,73,164060073,085749547,25390,N,15,205,201906
20190605,20190605,73,164060073,085817007,25400,N,1,206,201906
20190605,20190605,73,164060073,085905486,25429,N,1,207,201906
20190605,20190605,73,164060073,085955261,25395,N,5,208,201906
20190605,20190605,73,164060073,085955263,25391,N,10,209,201906
20190605,20190605,73,164060073,085955987,25391,N,11,210,201906
20190605,20190605,73,164060073,085956111,25391,N,11,211,201906
20190605,20190605,73,164060073,090001086,25391,N,10,212,201906
20190605,20190605,73,164060073,090002027,25389,N,10,213,201906
20190605,20190605,73,164060073,090003225,25387,N,10,214,201906
20190605,20190605,73,164060073,090021743,25384,N,11,215,201906
20190605,20190605,73,164060073,090021866,25384,N,11,216,201906
20190605,20190605,73,164060073,090032199,25385,N,11,217,201906
20190605,20190605,73,164060073,090032322,25385,N,2,218,201906
20190605,20190605,73,164060073,090036478,25386,N,11,219,201906
20190605,20190605,73,164060073,090046054,25383,N,5,220,201906
20190605,20190605,73,164060073,090102868,25386,N,11,221,201906
20190605,20190605,73,164060073,090108756,25389,N,5,222,201906
20190605,20190605,73,164060073,090115325,25387,N,5,223,201906
20190605,20190605,73,164060073,090129325,25384,N,11,224,201906
20190605,20190605,73,164060073,090133956,25383,N,1,225,201906
20190605,20190605,73,164060073,090151882,25382,N,11,226,201906
20190605,20190605,73,164060073,090154558,25380,N,5,227,201906
20190605,20190605,73,164060073,090155786,25381,N,11,228,201906
20190605,20190605,73,164060073,090203450,25382,N,5,229,201906
20190605,20190605,73,164060073,090214156,25382,N,5,230,201906
20190605,20190605,73,164060073,090217449,25382,N,10,231,201906
20190605,20190605,73,164060073,090217597,25382,N,2,232,201906
20190605,20190605,73,164060073,090228142,25382,N,8,233,201906
20190605,20190605,73,164060073,090302058,25384,N,5,234,201906
20190605,20190605,73,164060073,090318881,25384,N,10,235,201906
20190605,20190605,73,164060073,090318881,25383,N,10,236,201906
20190605,20190605,73,164060073,090319005,25384,N,11,237,201906
20190605,20190605,73,164060073,090529531,25379,N,1,238,201906
20190605,20190605,73,164060073,090607218,25378,N,1,239,201906
20190605,20190605,73,164060073,090717333,25373,N,10,240,201906
20190605,20190605,73,164060073,090717456,25372,N,14,241,201906
20190605,20190605,73,164060073,091011953,25371,N,2,242,201906
20190605,20190605,73,164060073,091133050,25370,N,1,243,201906
20190605,20190605,73,164060073,091157403,25366,N,8,244,201906
20190605,20190605,73,164060073,091219266,25363,N,4,245,201906
20190605,20190605,73,164060073,091219267,25362,N,10,246,201906
20190605,20190605,73,164060073,091219267,25361,N,10,247,201906
20190605,20190605,73,164060073,091219513,25362,N,16,248,201906
20190605,20190605,73,164060073,091349040,25362,N,1,249,201906
20190605,20190605,73,164060073,091354476,25363,N,1,250,201906
20190605,20190605,73,164060073,091441040,25363,N,2,251,201906
20190605,20190605,73,164060073,091447068,25362,N,1,252,201906
20190605,20190605,73,164060073,091519003,25366,N,1,253,201906
20190605,20190605,73,164060073,091647866,25364,N,1,254,201906
20190605,20190605,73,164060073,092026247,25374,N,1,255,201906
20190605,20190605,73,164060073,092259362,25373,N,2,256,201906
20190605,20190605,73,164060073,092753939,25380,N,5,257,201906
20190605,20190605,73,164060073,092835014,25381,N,10,258,201906
20190605,20190605,73,164060073,093315239,25380,N,4,259,201906
20190605,20190605,73,164060073,094431842,25390,N,1,260,201906
20190605,20190605,73,164060073,095511083,25390,N,10,261,201906
20190605,20190605,73,164060073,100616880,25400,N,6,262,201906
20190605,20190605,73,164060073,100949864,25404,N,10,263,201906
20190605,20190605,73,164060073,101100230,25409,N,10,264,201906
20190605,20190605,73,164060073,101100230,25410,N,7,265,201906
20190605,20190605,73,164060073,101813893,25402,N,1,266,201906
20190605,20190605,73,164060073,101850359,25402,N,1,267,201906
20190605,20190605,73,164060073,102829741,25405,N,1,268,201906
20190605,20190605,73,164060073,103524275,25400,N,1,269,201906
20190605,20190605,73,164060073,104129647,25391,N,2,270,201906
20190605,20190605,73,164060073,104349677,25392,N,1,271,201906
20190605,20190605,73,164060073,104439685,25397,N,1,272,201906
20190605,20190605,73,164060073,104531682,25392,N,1,273,201906
20190605,20190605,73,164060073,104723670,25396,N,1,274,201906
20190605,20190605,73,164060073,105639388,25400,N,1,275,201906
20190605,20190605,73,164060073,105705679,25400,N,5,276,201906
20190605,20190605,73,164060073,105809268,25405,N,2,277,201906
20190605,20190605,73,164060073,105839028,25403,N,5,278,201906
20190605,20190605,73,164060073,105954674,25406,N,1,279,201906
20190605,20190605,73,164060073,110004238,25407,N,10,280,201906
20190605,20190605,73,164060073,110321707,25407,N,1,281,201906
20190605,20190605,73,164060073,110925991,25413,N,21,282,201906
20190605,20190605,73,164060073,111107938,25408,N,1,283,201906
20190605,20190605,73,164060073,111543177,25412,N,1,284,201906
20190605,20190605,73,164060073,111933677,25401,N,1,285,201906
20190605,20190605,73,164060073,112716164,25406,N,4,286,201906
20190605,20190605,73,164060073,120508490,25399,N,1,287,201906
20190605,20190605,73,164060073,121143899,25394,N,2,288,201906
20190605,20190605,73,164060073,121404422,25402,N,4,289,201906
20190605,20190605,73,164060073,122012646,25399,N,6,290,201906
20190605,20190605,73,164060073,122716662,25391,N,5,291,201906
20190605,20190605,73,164060073,123232257,25391,N,3,292,201906
20190605,20190605,73,164060073,124034317,25389,N,1,293,201906
20190605,20190605,73,164060073,124953069,25394,N,1,294,201906
20190605,20190605,73,164060073,125015141,25393,N,5,295,201906
20190605,20190605,73,164060073,125053687,25394,N,1,296,201906
20190605,20190605,73,164060073,132651964,25386,N,1,297,201906
20190605,20190605,73,164060073,133108454,25392,N,1,298,201906
20190605,20190605,73,164060073,140615078,25398,N,7,299,201906
20190605,20190605,73,164060073,140625941,25398,N,4,300,201906
20190605,20190605,73,164060073,141454793,25389,N,1,301,201906
20190605,20190605,73,164060073,142310646,25388,N,1,302,201906
20190605,20190605,73,164060073,142310646,25389,N,1,303,201906
20190605,20190605,73,164060073,142312852,25390,N,2,304,201906
20190605,20190605,73,164060073,142808411,25384,N,2,305,201906
20190605,20190605,73,164060073,143045865,25380,N,10,306,201906
20190605,20190605,73,164060073,144110347,25365,N,1,307,201906
20190605,20190605,73,164060073,144152108,25375,N,1,308,201906
20190605,20190605,73,164060073,144339237,25375,N,1,309,201906
20190605,20190605,73,164060073,144424111,25369,E,1,310,201906
20190605,20190604,73,164090073,221849753,24976,O,1,311,201909
20190605,20190604,73,164090073,231547745,25010,N,1,312,201909
20190605,20190604,73,164090073,231830994,25040,N,1,313,201909
20190605,20190604,73,164090073,232647457,25090,N,1,314,201909
20190605,20190604,73,164090073,004657550,25187,N,1,315,201909
20190605,20190604,73,164090073,004657550,25188,N,1,316,201909
20190605,20190604,73,164090073,015102939,25200,N,2,317,201909
20190605,20190604,73,164090073,035841342,25162,N,1,318,201909
20190605,20190604,73,164090073,045728201,25250,N,1,319,201909
20190605,20190604,73,164090073,050037630,25270,E,2,320,201909
20190605,20190605,73,164090073,084501052,25364,O,4,321,201909
20190605,20190605,73,164090073,101100255,25340,N,1,322,201909
20190605,20190605,73,164090073,101100626,25344,N,1,323,201909
20190605,20190605,73,164090073,104335665,25350,N,1,324,201909
20190605,20190605,73,164090073,104429682,25351,N,1,325,201909
20190605,20190605,73,164090073,104520695,25352,N,1,326,201909
20190605,20190605,73,164090073,104712683,25353,N,1,327,201909
20190605,20190605,73,164090073,105655674,25353,N,5,328,201909
20190605,20190605,73,164090073,105819663,25353,N,5,329,201909
20190605,20190605,73,164090073,105941675,25356,N,1,330,201909
20190605,20190605,73,164090073,111044685,25357,N,1,331,201909
20190605,20190605,73,164090073,122739992,25355,N,1,332,201909
20190605,20190605,73,164090073,134827066,25357,E,1,333,201909
20190606,20190605,73,164060073,165158683,25417,O,1,1,201906
20190606,20190605,73,164060073,165252682,25408,N,1,2,201906
20190606,20190605,73,164060073,165411653,25413,N,1,3,201906
20190606,20190605,73,164060073,165556513,25422,N,1,4,201906
20190606,20190605,73,164060073,165809108,25424,N,1,5,201906
20190606,20190605,73,164060073,165834699,25425,N,1,6,201906
20190606,20190605,73,164060073,170140102,25422,N,10,7,201906
20190606,20190605,73,164060073,170140102,25423,N,4,8,201906
20190606,20190605,73,164060073,170140102,25423,N,6,9,201906
20190606,20190605,73,164060073,170251868,25417,N,2,10,201906
20190606,20190605,73,164060073,170300068,25416,N,1,11,201906
20190606,20190605,73,164060073,170311798,25413,N,2,12,201906
20190606,20190605,73,164060073,170434437,25416,N,1,13,201906
20190606,20190605,73,164060073,170456890,25425,N,2,14,201906
20190606,20190605,73,164060073,170828372,25416,N,1,15,201906
20190606,20190605,73,164060073,171214813,25415,N,1,16,201906
20190606,20190605,73,164060073,173329514,25428,N,1,17,201906
20190606,20190605,73,164060073,173408064,25427,N,1,18,201906
20190606,20190605,73,164060073,173433789,25431,N,1,19,201906
20190606,20190605,73,164060073,173509354,25430,N,1,20,201906
20190606,20190605,73,164060073,173513135,25429,N,5,21,201906
20190606,20190605,73,164060073,173625033,25425,N,1,22,201906
20190606,20190605,73,164060073,173953584,25418,N,1,23,201906
20190606,20190605,73,164060073,174445727,25411,N,1,24,201906
20190606,20190605,73,164060073,175428752,25420,N,2,25,201906
20190606,20190605,73,164060073,180240827,25409,N,1,26,201906
20190606,20190605,73,164060073,181619215,25427,N,1,27,201906
20190606,20190605,73,164060073,181706885,25419,N,1,28,201906
20190606,20190605,73,164060073,181800729,25434,N,1,29,201906
20190606,20190605,73,164060073,182628909,25450,N,1,30,201906
20190606,20190605,73,164060073,182632017,25453,N,2,31,201906
20190606,20190605,73,164060073,182800880,25475,N,10,32,201906
20190606,20190605,73,164060073,182937500,25470,N,1,33,201906
20190606,20190605,73,164060073,183031674,25474,N,1,34,201906
20190606,20190605,73,164060073,183055212,25471,N,1,35,201906
20190606,20190605,73,164060073,183104937,25468,N,1,36,201906
20190606,20190605,73,164060073,183143929,25473,N,1,37,201906
20190606,20190605,73,164060073,183317522,25481,N,1,38,201906
20190606,20190605,73,164060073,183347745,25483,N,1,39,201906
20190606,20190605,73,164060073,183410179,25484,N,1,40,201906
20190606,20190605,73,164060073,183507983,25482,N,1,41,201906
20190606,20190605,73,164060073,183539590,25482,N,2,42,201906
20190606,20190605,73,164060073,184436791,25489,N,1,43,201906
20190606,20190605,73,164060073,184538450,25489,N,1,44,201906
20190606,20190605,73,164060073,184740393,25489,N,1,45,201906
20190606,20190605,73,164060073,185256442,25488,N,10,46,201906
20190606,20190605,73,164060073,185326520,25485,N,1,47,201906
20190606,20190605,73,164060073,185359669,25483,N,3,48,201906
20190606,20190605,73,164060073,185703757,25485,N,1,49,201906
20190606,20190605,73,164060073,190259227,25485,N,1,50,201906
20190606,20190605,73,164060073,190417589,25486,N,1,51,201906
20190606,20190605,73,164060073,191009374,25499,N,1,52,201906
20190606,20190605,73,164060073,191018765,25500,N,19,53,201906
20190606,20190605,73,164060073,191824440,25507,N,1,54,201906
20190606,20190605,73,164060073,191825179,25507,N,1,55,201906
20190606,20190605,73,164060073,192314777,25509,N,1,56,201906
20190606,20190605,73,164060073,192425550,25501,N,1,57,201906
20190606,20190605,73,164060073,193035514,25493,N,1,58,201906
20190606,20190605,73,164060073,194919953,25490,N,2,59,201906
20190606,20190605,73,164060073,195800839,25508,N,1,60,201906
20190606,20190605,73,164060073,200246169,25509,N,3,61,201906
20190606,20190605,73,164060073,200331060,25508,N,9,62,201906
20190606,20190605,73,164060073,201034208,25496,N,1,63,201906
20190606,20190605,73,164060073,201034208,25493,N,1,64,201906
20190606,20190605,73,164060073,201432434,25499,N,1,65,201906
20190606,20190605,73,164060073,201911227,25490,N,1,66,201906
20190606,20190605,73,164060073,201932520,25479,N,4,67,201906
20190606,20190605,73,164060073,202001278,25477,N,1,68,201906
20190606,20190605,73,164060073,202850799,25477,N,1,69,201906
20190606,20190605,73,164060073,203114112,25475,N,1,70,201906
20190606,20190605,73,164060073,203114112,25474,N,4,71,201906
20190606,20190605,73,164060073,203310568,25477,N,1,72,201906
20190606,20190605,73,164060073,203508681,25480,N,1,73,201906
20190606,20190605,73,164060073,203542592,25468,N,1,74,201906
20190606,20190605,73,164060073,204136201,25475,N,1,75,201906
20190606,20190605,73,164060073,210014439,25486,N,5,76,201906
20190606,20190605,73,164060073,210919724,25484,N,1,77,201906
20190606,20190605,73,164060073,211211852,25480,N,1,78,201906
20190606,20190605,73,164060073,211511345,25468,N,1,79,201906
20190606,20190605,73,164060073,211604897,25460,N,1,80,201906
20190606,20190605,73,164060073,211711576,25460,N,1,81,201906
20190606,20190605,73,164060073,211729200,25460,N,1,82,201906
20190606,20190605,73,164060073,211738085,25460,N,1,83,201906
20190606,20190605,73,164060073,211739986,25458,N,1,84,201906
20190606,20190605,73,164060073,211741303,25453,N,1,85,201906
20190606,20190605,73,164060073,211826172,25453,N,1,86,201906
20190606,20190605,73,164060073,211838490,25453,N,5,87,201906
20190606,20190605,73,164060073,211939727,25441,N,1,88,201906
20190606,20190605,73,164060073,211950552,25447,N,2,89,201906
20190606,20190605,73,164060073,212002289,25444,N,10,90,201906
20190606,20190605,73,164060073,212251753,25444,N,1,91,201906
20190606,20190605,73,164060073,212252257,25444,N,4,92,201906
20190606,20190605,73,164060073,212402958,25430,N,2,93,201906
20190606,20190605,73,164060073,212632842,25428,N,2,94,201906
20190606,20190605,73,164060073,212714348,25428,N,7,95,201906
20190606,20190605,73,164060073,212728378,25424,N,2,96,201906
20190606,20190605,73,164060073,212810329,25420,N,1,97,201906
20190606,20190605,73,164060073,213022842,25417,N,1,98,201906
20190606,20190605,73,164060073,213115036,25408,N,1,99,201906
20190606,20190605,73,164060073,213149110,25403,N,2,100,201906
20190606,20190605,73,164060073,213215042,25402,N,3,101,201906
20190606,20190605,73,164060073,213307860,25397,N,1,102,201906
20190606,20190605,73,164060073,213414467,25407,N,5,103,201906
20190606,20190605,73,164060073,213422010,25409,N,1,104,201906
20190606,20190605,73,164060073,213456852,25406,N,1,105,201906
20190606,20190605,73,164060073,213620466,25400,N,5,106,201906
20190606,20190605,73,164060073,213758925,25401,N,5,107,201906
20190606,20190605,73,164060073,214042406,25399,N,10,108,201906
20190606,20190605,73,164060073,214322320,25426,N,2,109,201906
20190606,20190605,73,164060073,214455527,25420,N,1,110,201906
20190606,20190605,73,164060073,220006970,25408,N,1,111,201906
20190606,20190605,73,164060073,220656826,25426,N,10,112,201906
20190606,20190605,73,164060073,220833518,25437,N,2,113,201906
20190606,20190605,73,164060073,221344361,25455,N,1,114,201906
20190606,20190605,73,164060073,221344362,25462,N,5,115,201906
20190606,20190605,73,164060073,221720062,25454,N,1,116,201906
20190606,20190605,73,164060073,221814829,25452,N,1,117,201906
20190606,20190605,73,164060073,222445698,25461,N,1,118,201906
20190606,20190605,73,164060073,222613699,25475,N,1,119,201906
20190606,20190605,73,164060073,222631994,25474,N,1,120,201906
20190606,20190605,73,164060073,222734575,25480,N,1,121,201906
20190606,20190605,73,164060073,222821816,25489,N,5,122,201906
20190606,20190605,73,164060073,222823309,25489,N,1,123,201906
20190606,20190605,73,164060073,222858982,25489,N,1,124,201906
20190606,20190605,73,164060073,223315017,25480,N,1,125,201906
20190606,20190605,73,164060073,223406172,25480,N,1,126,201906
20190606,20190605,73,164060073,223817101,25473,N,1,127,201906
20190606,20190605,73,164060073,224031040,25454,N,1,128,201906
20190606,20190605,73,164060073,224432764,25459,N,1,129,201906
20190606,20190605,73,164060073,224805536,25434,N,3,130,201906
20190606,20190605,73,164060073,225110337,25420,N,1,131,201906
20190606,20190605,73,164060073,225235379,25424,N,3,132,201906
20190606,20190605,73,164060073,225253249,25407,N,10,133,201906
20190606,20190605,73,164060073,225255231,25408,N,3,134,201906
20190606,20190605,73,164060073,225546117,25439,N,4,135,201906
20190606,20190605,73,164060073,230002796,25482,N,1,136,201906
20190606,20190605,73,164060073,230004307,25489,N,1,137,201906
20190606,20190605,73,164060073,230101087,25476,N,5,138,201906
20190606,20190605,73,164060073,230330410,25444,N,1,139,201906
20190606,20190605,73,164060073,230538252,25433,N,4,140,201906
20190606,20190605,73,164060073,230804882,25437,N,1,141,201906
20190606,20190605,73,164060073,230814805,25446,N,1,142,201906
20190606,20190605,73,164060073,230855003,25447,N,4,143,201906
20190606,20190605,73,164060073,231019897,25455,N,1,144,201906
20190606,20190605,73,164060073,231214579,25460,N,1,145,201906
20190606,20190605,73,164060073,231313640,25437,N,4,146,201906
20190606,20190605,73,164060073,231907833,25446,N,1,147,201906
20190606,20190605,73,164060073,231958210,25459,N,1,148,201906
20190606,20190605,73,164060073,232020210,25465,N,1,149,201906
20190606,20190605,73,164060073,232020604,25472,N,1,150,201906
20190606,20190605,73,164060073,232020984,25474,N,10,151,201906
20190606,20190605,73,164060073,232025340,25492,N,1,152,201906
20190606,20190605,73,164060073,232028642,25493,N,2,153,201906
20190606,20190605,73,164060073,232030885,25499,N,4,154,201906
20190606,20190605,73,164060073,232035977,25500,N,1,155,201906
20190606,20190605,73,164060073,232147160,25460,N,4,156,201906
20190606,20190605,73,164060073,232817631,25461,N,1,157,201906
20190606,20190605,73,164060073,233021983,25438,N,1,158,201906
20190606,20190605,73,164060073,233318116,25418,N,10,159,201906
20190606,20190605,73,164060073,233318120,25417,N,10,160,201906
20190606,20190605,73,164060073,233428196,25420,N,1,161,201906
20190606,20190605,73,164060073,234252105,25431,N,3,162,201906
20190606,20190605,73,164060073,234648038,25427,N,2,163,201906
20190606,20190605,73,164060073,234923652,25405,N,1,164,201906
20190606,20190605,73,164060073,235003723,25400,N,3,165,201906
20190606,20190605,73,164060073,235014300,25401,N,1,166,201906
20190606,20190605,73,164060073,235113804,25398,N,1,167,201906
20190606,20190605,73,164060073,235237774,25382,N,1,168,201906
20190606,20190605,73,164060073,235326877,25383,N,2,169,201906
20190606,20190605,73,164060073,235700285,25395,N,1,170,201906
20190606,20190605,73,164060073,000625320,25445,N,2,171,201906
20190606,20190605,73,164060073,000928921,25416,N,11,172,201906
20190606,20190605,73,164060073,001132308,25435,N,5,173,201906
20190606,20190605,73,164060073,001557362,25431,N,1,174,201906
20190606,20190605,73,164060073,001617726,25429,N,1,175,201906
20190606,20190605,73,164060073,002219878,25444,N,1,176,201906
20190606,20190605,73,164060073,002441274,25455,N,1,177,201906
20190606,20190605,73,164060073,002723311,25450,N,1,178,201906
20190606,20190605,73,164060073,002745148,25453,N,1,179,201906
20190606,20190605,73,164060073,002803708,25460,N,2,180,201906
20190606,20190605,73,164060073,002826084,25469,N,1,181,201906
20190606,20190605,73,164060073,002829874,25468,N,1,182,201906
20190606,20190605,73,164060073,002839074,25470,N,4,183,201906
20190606,20190605,73,164060073,002932733,25471,N,1,184,201906
20190606,20190605,73,164060073,003027423,25475,N,1,185,201906
20190606,20190605,73,164060073,003028250,25479,N,5,186,201906
20190606,20190605,73,164060073,003456830,25468,N,1,187,201906
20190606,20190605,73,164060073,003612205,25475,N,1,188,201906
20190606,20190605,73,164060073,003646188,25481,N,1,189,201906
20190606,20190605,73,164060073,004226132,25465,N,1,190,201906
20190606,20190605,73,164060073,004342311,25471,N,1,191,201906
20190606,20190605,73,164060073,004601508,25467,N,1,192,201906
20190606,20190605,73,164060073,004856105,25450,N,4,193,201906
20190606,20190605,73,164060073,005854164,25475,N,1,194,201906
20190606,20190605,73,164060073,005908440,25475,N,1,195,201906
20190606,20190605,73,164060073,005908440,25478,N,2,196,201906
20190606,20190605,73,164060073,010454533,25470,N,1,197,201906
20190606,20190605,73,164060073,010613680,25465,N,3,198,201906
20190606,20190605,73,164060073,012723770,25481,N,3,199,201906
20190606,20190605,73,164060073,012844434,25476,N,1,200,201906
20190606,20190605,73,164060073,013232888,25461,N,3,201,201906
20190606,20190605,73,164060073,013256604,25452,N,10,202,201906
20190606,20190605,73,164060073,013303466,25451,N,10,203,201906
20190606,20190605,73,164060073,013341265,25448,N,10,204,201906
20190606,20190605,73,164060073,013933164,25470,N,2,205,201906
20190606,20190605,73,164060073,014018395,25469,N,3,206,201906
20190606,20190605,73,164060073,014706604,25470,N,1,207,201906
20190606,20190605,73,164060073,015014809,25473,N,1,208,201906
20190606,20190605,73,164060073,015137888,25480,N,1,209,201906
20190606,20190605,73,164060073,015551821,25485,N,10,210,201906
20190606,20190605,73,164060073,015553327,25486,N,1,211,201906
20190606,20190605,73,164060073,015959769,25480,N,1,212,201906
20190606,20190605,73,164060073,020018923,25485,N,1,213,201906
20190606,20190605,73,164060073,020206038,25492,N,1,214,201906
20190606,20190605,73,164060073,020409845,25496,N,1,215,201906
20190606,20190605,73,164060073,020446859,25496,N,1,216,201906
20190606,20190605,73,164060073,021659509,25502,N,1,217,201906
20190606,20190605,73,164060073,023812013,25515,N,1,218,201906
20190606,20190605,73,164060073,024249564,25519,N,1,219,201906
20190606,20190605,73,164060073,024349407,25525,N,2,220,201906
20190606,20190605,73,164060073,031159562,25524,N,1,221,201906
20190606,20190605,73,164060073,031234560,25525,N,3,222,201906
20190606,20190605,73,164060073,031234671,25526,N,1,223,201906
20190606,20190605,73,164060073,031234834,25529,N,1,224,201906
20190606,20190605,73,164060073,031234834,25531,N,4,225,201906
20190606,20190605,73,164060073,033253950,25520,N,2,226,201906
20190606,20190605,73,164060073,033401760,25523,N,20,227,201906
20190606,20190605,73,164060073,041104476,25491,N,1,228,201906
20190606,20190605,73,164060073,043054945,25487,N,10,229,201906
20190606,20190605,73,164060073,043753384,25463,N,1,230,201906
20190606,20190605,73,164060073,045345075,25534,N,1,231,201906
20190606,20190605,73,164060073,045500091,25540,N,1,232,201906
20190606,20190605,73,164060073,050011028,25545,N,2,233,201906
20190606,20190605,73,164060073,050519223,25552,N,2,234,201906
20190606,20190605,73,164060073,050519224,25552,N,1,235,201906
20190606,20190605,73,164060073,050519268,25552,N,1,236,201906
20190606,20190605,73,164060073,051412402,25541,E,1,237,201906
20190606,20190606,73,164060073,084501051,25522,O,4,238,201906
20190606,20190606,73,164060073,084604759,25517,N,10,239,201906
20190606,20190606,73,164060073,084643181,25517,N,9,240,201906
20190606,20190606,73,164060073,084729497,25517,N,3,241,201906
20190606,20190606,73,164060073,084828412,25517,N,3,242,201906
20190606,20190606,73,164060073,085331983,25503,N,11,243,201906
20190606,20190606,73,164060073,085400585,25501,N,1,244,201906
20190606,20190606,73,164060073,085627855,25503,N,1,245,201906
20190606,20190606,73,164060073,085746516,25494,N,10,246,201906
20190606,20190606,73,164060073,085746717,25494,N,10,247,201906
20190606,20190606,73,164060073,085847403,25503,N,8,248,201906
20190606,20190606,73,164060073,085935485,25506,N,10,249,201906
20190606,20190606,73,164060073,090020851,25518,N,2,250,201906
20190606,20190606,73,164060073,090407353,25518,N,1,251,201906
20190606,20190606,73,164060073,090656112,25530,N,4,252,201906
20190606,20190606,73,164060073,090705240,25531,N,3,253,201906
20190606,20190606,73,164060073,090815129,25544,N,11,254,201906
20190606,20190606,73,164060073,090820176,25544,N,4,255,201906
20190606,20190606,73,164060073,091051441,25540,N,1,256,201906
20190606,20190606,73,164060073,091751820,25542,N,1,257,201906
20190606,20190606,73,164060073,091813628,25542,N,1,258,201906
20190606,20190606,73,164060073,092002458,25540,N,1,259,201906
20190606,20190606,73,164060073,092017180,25547,N,3,260,201906
20190606,20190606,73,164060073,092649709,25547,N,1,261,201906
20190606,20190606,73,164060073,092740272,25548,N,1,262,201906
20190606,20190606,73,164060073,092827563,25553,N,1,263,201906
20190606,20190606,73,164060073,093523761,25555,N,1,264,201906
20190606,20190606,73,164060073,093523761,25558,N,2,265,201906
20190606,20190606,73,164060073,094626935,25547,N,1,266,201906
20190606,20190606,73,164060073,095700789,25538,N,1,267,201906
20190606,20190606,73,164060073,100351959,25536,N,3,268,201906
20190606,20190606,73,164060073,100932209,25544,N,1,269,201906
20190606,20190606,73,164060073,101838358,25544,N,1,270,201906
20190606,20190606,73,164060073,101938961,25545,N,1,271,201906
20190606,20190606,73,164060073,102156818,25551,N,1,272,201906
20190606,20190606,73,164060073,102157214,25553,N,1,273,201906
20190606,20190606,73,164060073,110114752,25542,N,1,274,201906
20190606,20190606,73,164060073,110115485,25547,N,2,275,201906
20190606,20190606,73,164060073,110231252,25539,N,1,276,201906
20190606,20190606,73,164060073,110423213,25544,N,1,277,201906
20190606,20190606,73,164060073,110533013,25545,N,2,278,201906
20190606,20190606,73,164060073,110720287,25548,N,1,279,201906
20190606,20190606,73,164060073,110802515,25550,N,1,280,201906
20190606,20190606,73,164060073,110810061,25553,N,10,281,201906
20190606,20190606,73,164060073,111355072,25575,N,1,282,201906
20190606,20190606,73,164060073,114105954,25573,N,1,283,201906
20190606,20190606,73,164060073,123318177,25556,N,2,284,201906
20190606,20190606,73,164060073,123539926,25556,N,1,285,201906
20190606,20190606,73,164060073,123757870,25562,N,3,286,201906
20190606,20190606,73,164060073,123835006,25560,N,1,287,201906
20190606,20190606,73,164060073,131317994,25551,N,4,288,201906
20190606,20190606,73,164060073,133852723,25554,N,1,289,201906
20190606,20190606,73,164060073,134704695,25558,N,5,290,201906
20190606,20190606,73,164060073,135657057,25552,N,1,291,201906
20190606,20190606,73,164060073,140952104,25550,N,1,292,201906
20190606,20190606,73,164060073,141155768,25550,N,1,293,201906
20190606,20190606,73,164060073,141333613,25548,N,1,294,201906
20190606,20190606,73,164060073,142159334,25540,N,10,295,201906
20190606,20190606,73,164060073,142539016,25542,N,1,296,201906
20190606,20190606,73,164060073,143506246,25537,N,10,297,201906
20190606,20190606,73,164060073,143538535,25536,N,1,298,201906
20190606,20190606,73,164060073,144653134,25521,N,1,299,201906
20190606,20190606,73,164060073,144702153,25520,N,1,300,201906
20190606,20190606,73,164060073,144710652,25519,N,1,301,201906
20190606,20190606,73,164060073,144718607,25519,N,1,302,201906
20190606,20190606,73,164060073,144731657,25519,N,2,303,201906
20190606,20190606,73,164060073,144741968,25519,N,2,304,201906
20190606,20190606,73,164060073,144750724,25517,N,1,305,201906
20190606,20190606,73,164060073,144854982,25522,N,2,306,201906
20190606,20190606,73,164060073,144903656,25521,N,2,307,201906
20190606,20190606,73,164060073,144920739,25523,N,2,308,201906
20190606,20190606,73,164060073,145003112,25525,N,2,309,201906
20190606,20190606,73,164060073,145054980,25522,N,2,310,201906
20190606,20190606,73,164060073,145114367,25521,N,2,311,201906
20190606,20190606,73,164060073,145153484,25528,N,3,312,201906
20190606,20190606,73,164060073,145209264,25521,N,3,313,201906
20190606,20190606,73,164060073,145238039,25519,N,3,314,201906
20190606,20190606,73,164060073,145358127,25516,N,10,315,201906
20190606,20190606,73,164060073,145400167,25516,N,1,316,201906
20190606,20190606,73,164060073,145855315,25515,N,1,317,201906
20190606,20190606,73,164060073,150743007,25515,N,1,318,201906
20190606,20190606,73,164060073,151501009,25515,E,1,319,201906
20190606,20190605,73,164090073,165217653,25358,O,1,320,201909
20190606,20190605,73,164090073,165402648,25359,N,1,321,201909
20190606,20190605,73,164090073,165404527,25360,N,1,322,201909
20190606,20190605,73,164090073,165543755,25370,N,1,323,201909
20190606,20190605,73,164090073,170232313,25360,N,5,324,201909
20190606,20190605,73,164090073,170356715,25312,N,1,325,201909
20190606,20190605,73,164090073,171141280,25400,N,1,326,201909
20190606,20190605,73,164090073,173028227,25389,N,1,327,201909
20190606,20190605,73,164090073,174245212,25321,N,1,328,201909
20190606,20190605,73,164090073,182723546,25389,N,2,329,201909
20190606,20190605,73,164090073,182723546,25390,N,5,330,201909
20190606,20190605,73,164090073,182836678,25415,N,1,331,201909
20190606,20190605,73,164090073,192507636,25423,N,1,332,201909
20190606,20190605,73,164090073,202910564,25494,N,1,333,201909
20190606,20190605,73,164090073,203040942,25425,N,1,334,201909
20190606,20190605,73,164090073,204412660,25425,N,1,335,201909
20190606,20190605,73,164090073,204730154,25425,N,1,336,201909
20190606,20190605,73,164090073,211653132,25425,N,2,337,201909
20190606,20190605,73,164090073,213133763,25323,N,1,338,201909
20190606,20190605,73,164090073,214743661,25440,N,1,339,201909
20190606,20190605,73,164090073,230247132,25351,N,1,340,201909
20190606,20190605,73,164090073,005851820,25420,N,1,341,201909
20190606,20190605,73,164090073,011931067,25438,N,1,342,201909
20190606,20190605,73,164090073,020359839,25442,N,1,343,201909
20190606,20190605,73,164090073,020433859,25443,N,1,344,201909
20190606,20190605,73,164090073,020617800,25348,N,1,345,201909
20190606,20190605,73,164090073,033215896,25470,N,2,346,201909
20190606,20190605,73,164090073,051406114,25464,E,1,347,201909
20190606,20190606,73,164090073,084501051,25500,O,11,348,201909
20190606,20190606,73,164090073,084501087,25500,N,2,349,201909
20190606,20190606,73,164090073,135636574,25436,N,1,350,201909
20190606,20190606,73,164090073,135636574,25406,N,1,351,201909
20190606,20190606,73,164090073,135636574,25377,N,1,352,201909
20190606,20190606,73,164090073,145752852,25514,E,1,353,201909
20190607,20190606,73,164060073,163103152,25600,O,6,1,201906
20190607,20190606,73,164060073,163103153,25625,N,4,2,201906
20190607,20190606,73,164060073,163454487,25611,N,1,3,201906
20190607,20190606,73,164060073,163536304,25603,N,1,4,201906
20190607,20190606,73,164060073,163645367,25603,N,2,5,201906
20190607,20190606,73,164060073,163652951,25602,N,2,6,201906
20190607,20190606,73,164060073,163655003,25602,N,2,7,201906
20190607,20190606,73,164060073,163657633,25602,N,2,8,201906
20190607,20190606,73,164060073,163945176,25603,N,1,9,201906
20190607,20190606,73,164060073,164006888,25600,N,1,10,201906
20190607,20190606,73,164060073,164012288,25599,N,10,11,201906
20190607,20190606,73,164060073,164113238,25591,N,1,12,201906
20190607,20190606,73,164060073,164703681,25608,N,15,13,201906
20190607,20190606,73,164060073,164746656,25608,N,1,14,201906
20190607,20190606,73,164060073,164828501,25615,N,1,15,201906
20190607,20190606,73,164060073,165428268,25610,N,1,16,201906
20190607,20190606,73,164060073,165842445,25610,N,1,17,201906
20190607,20190606,73,164060073,170510176,25617,N,1,18,201906
20190607,20190606,73,164060073,170729847,25612,N,2,19,201906
20190607,20190606,73,164060073,174241687,25621,N,2,20,201906
20190607,20190606,73,164060073,174454508,25615,N,2,21,201906
20190607,20190606,73,164060073,174727342,25615,N,2,22,201906
20190607,20190606,73,164060073,174803287,25613,N,2,23,201906
20190607,20190606,73,164060073,175400233,25610,N,2,24,201906
20190607,20190606,73,164060073,180036808,25632,N,1,25,201906
20190607,20190606,73,164060073,180111038,25629,N,2,26,201906
20190607,20190606,73,164060073,180124276,25623,N,1,27,201906
20190607,20190606,73,164060073,180323645,25603,N,2,28,201906
20190607,20190606,73,164060073,180324064,25603,N,1,29,201906
20190607,20190606,73,164060073,180847066,25600,N,2,30,201906
20190607,20190606,73,164060073,183352561,25620,N,2,31,201906
20190607,20190606,73,164060073,183601051,25632,N,2,32,201906
20190607,20190606,73,164060073,184254840,25632,N,1,33,201906
20190607,20190606,73,164060073,184913086,25609,N,2,34,201906
20190607,20190606,73,164060073,190045485,25608,N,10,35,201906
20190607,20190606,73,164060073,191028191,25605,N,1,36,201906
20190607,20190606,73,164060073,192501353,25628,N,1,37,201906
20190607,20190606,73,164060073,192635608,25628,N,1,38,201906
20190607,20190606,73,164060073,192759478,25629,N,1,39,201906
20190607,20190606,73,164060073,195421744,25627,N,1,40,201906
20190607,20190606,73,164060073,195500774,25620,N,1,41,201906
20190607,20190606,73,164060073,204559289,25615,N,1,42,201906
20190607,20190606,73,164060073,204644415,25608,N,1,43,201906
20190607,20190606,73,164060073,204653184,25600,N,1,44,201906
20190607,20190606,73,164060073,205320257,25611,N,5,45,201906
20190607,20190606,73,164060073,210210999,25616,N,3,46,201906
20190607,20190606,73,164060073,210903599,25609,N,1,47,201906
20190607,20190606,73,164060073,211715644,25607,N,2,48,201906
20190607,20190606,73,164060073,212646718,25612,N,1,49,201906
20190607,20190606,73,164060073,213305766,25589,N,1,50,201906
20190607,20190606,73,164060073,213324813,25587,N,1,51,201906
20190607,20190606,73,164060073,214017043,25622,N,1,52,201906
20190607,20190606,73,164060073,214312586,25593,N,1,53,201906
20190607,20190606,73,164060073,214527267,25582,N,1,54,201906
20190607,20190606,73,164060073,214541351,25585,N,2,55,201906
20190607,20190606,73,164060073,214651297,25586,N,1,56,201906
20190607,20190606,73,164060073,214706274,25585,N,1,57,201906
20190607,20190606,73,164060073,214922524,25575,N,1,58,201906
20190607,20190606,73,164060073,214922557,25570,N,1,59,201906
20190607,20190606,73,164060073,214922558,25565,N,10,60,201906
20190607,20190606,73,164060073,215001859,25560,N,2,61,201906
20190607,20190606,73,164060073,215938855,25555,N,1,62,201906
20190607,20190606,73,164060073,220459366,25560,N,2,63,201906
20190607,20190606,73,164060073,220723453,25567,N,2,64,201906
20190607,20190606,73,164060073,220956099,25564,N,10,65,201906
20190607,20190606,73,164060073,221019642,25566,N,2,66,201906
20190607,20190606,73,164060073,221340014,25566,N,1,67,201906
20190607,20190606,73,164060073,221502770,25570,N,1,68,201906
20190607,20190606,73,164060073,221606394,25565,N,1,69,201906
20190607,20190606,73,164060073,222618959,25577,N,1,70,201906
20190607,20190606,73,164060073,223135315,25541,N,10,71,201906
20190607,20190606,73,164060073,223135319,25540,N,1,72,201906
20190607,20190606,73,164060073,223139891,25533,N,1,73,201906
20190607,20190606,73,164060073,223308234,25541,N,10,74,201906
20190607,20190606,73,164060073,223339707,25542,N,5,75,201906
20190607,20190606,73,164060073,223339831,25542,N,5,76,201906
20190607,20190606,73,164060073,223351186,25546,N,5,77,201906
20190607,20190606,73,164060073,223705582,25561,N,1,78,201906
20190607,20190606,73,164060073,223804874,25572,N,1,79,201906
20190607,20190606,73,164060073,223829047,25572,N,1,80,201906
20190607,20190606,73,164060073,224009221,25564,N,1,81,201906
20190607,20190606,73,164060073,224133748,25598,N,4,82,201906
20190607,20190606,73,164060073,224216704,25590,N,1,83,201906
20190607,20190606,73,164060073,224246519,25576,N,1,84,201906
20190607,20190606,73,164060073,224723698,25573,N,2,85,201906
20190607,20190606,73,164060073,225212752,25556,N,1,86,201906
20190607,20190606,73,164060073,225214054,25555,N,3,87,201906
20190607,20190606,73,164060073,225503977,25558,N,1,88,201906
20190607,20190606,73,164060073,225658939,25544,N,1,89,201906
20190607,20190606,73,164060073,230004784,25532,N,1,90,201906
20190607,20190606,73,164060073,230226437,25550,N,1,91,201906
20190607,20190606,73,164060073,230657232,25567,N,1,92,201906
20190607,20190606,73,164060073,231707112,25565,N,1,93,201906
20190607,20190606,73,164060073,232955224,25517,N,1,94,201906
20190607,20190606,73,164060073,233257485,25530,N,2,95,201906
20190607,20190606,73,164060073,233917509,25561,N,2,96,201906
20190607,20190606,73,164060073,233947036,25564,N,1,97,201906
20190607,20190606,73,164060073,234105188,25570,N,5,98,201906
20190607,20190606,73,164060073,234105312,25570,N,1,99,201906
20190607,20190606,73,164060073,234312923,25593,N,1,100,201906
20190607,20190606,73,164060073,234345442,25598,N,1,101,201906
20190607,20190606,73,164060073,234418725,25596,N,1,102,201906
20190607,20190606,73,164060073,235016543,25599,N,2,103,201906
20190607,20190606,73,164060073,235056310,25603,N,1,104,201906
20190607,20190606,73,164060073,235706353,25591,N,2,105,201906
20190607,20190606,73,164060073,235856338,25576,N,1,106,201906
20190607,20190606,73,164060073,001016620,25620,N,10,107,201906
20190607,20190606,73,164060073,001200842,25613,N,1,108,201906
20190607,20190606,73,164060073,001201943,25606,N,1,109,201906
20190607,20190606,73,164060073,001240571,25614,N,1,110,201906
20190607,20190606,73,164060073,001341652,25620,N,1,111,201906
20190607,20190606,73,164060073,001838476,25628,N,1,112,201906
20190607,20190606,73,164060073,001912905,25631,N,5,113,201906
20190607,20190606,73,164060073,003211554,25633,N,1,114,201906
20190607,20190606,73,164060073,003504420,25645,N,2,115,201906
20190607,20190606,73,164060073,004215836,25630,N,1,116,201906
20190607,20190606,73,164060073,004846052,25579,N,1,117,201906
20190607,20190606,73,164060073,004957587,25569,N,1,118,201906
20190607,20190606,73,164060073,005021172,25580,N,1,119,201906
20190607,20190606,73,164060073,005131673,25586,N,1,120,201906
20190607,20190606,73,164060073,005300006,25580,N,22,121,201906
20190607,20190606,73,164060073,010412419,25582,N,1,122,201906
20190607,20190606,73,164060073,011000125,25590,N,1,123,201906
20190607,20190606,73,164060073,011829764,25600,N,2,124,201906
20190607,20190606,73,164060073,014830773,25620,N,1,125,201906
20190607,20190606,73,164060073,014917528,25619,N,2,126,201906
20190607,20190606,73,164060073,014953099,25622,N,1,127,201906
20190607,20190606,73,164060073,014958462,25622,N,1,128,201906
20190607,20190606,73,164060073,020038294,25611,N,1,129,201906
20190607,20190606,73,164060073,021513081,25622,N,1,130,201906
20190607,20190606,73,164060073,021638141,25625,N,1,131,201906
20190607,20190606,73,164060073,022730502,25623,N,2,132,201906
20190607,20190606,73,164060073,023014417,25630,N,1,133,201906
20190607,20190606,73,164060073,023136937,25628,N,1,134,201906
20190607,20190606,73,164060073,025442963,25626,N,1,135,201906
20190607,20190606,73,164060073,025713381,25620,N,1,136,201906
20190607,20190606,73,164060073,030059225,25616,N,10,137,201906
20190607,20190606,73,164060073,033307015,25650,N,1,138,201906
20190607,20190606,73,164060073,033307074,25650,N,10,139,201906
20190607,20190606,73,164060073,033340881,25660,N,1,140,201906
20190607,20190606,73,164060073,033354423,25670,N,1,141,201906
20190607,20190606,73,164060073,033354660,25674,N,1,142,201906
20190607,20190606,73,164060073,033401043,25675,N,1,143,201906
20190607,20190606,73,164060073,033401448,25680,N,1,144,201906
20190607,20190606,73,164060073,033401449,25682,N,10,145,201906
20190607,20190606,73,164060073,033454021,25677,N,1,146,201906
20190607,20190606,73,164060073,033456316,25673,N,10,147,201906
20190607,20190606,73,164060073,033810667,25673,N,1,148,201906
20190607,20190606,73,164060073,033903802,25675,N,1,149,201906
20190607,20190606,73,164060073,033948025,25675,N,1,150,201906
20190607,20190606,73,164060073,034409546,25694,N,1,151,201906
20190607,20190606,73,164060073,034828120,25680,N,1,152,201906
20190607,20190606,73,164060073,040812132,25686,N,1,153,201906
20190607,20190606,73,164060073,041716425,25700,N,5,154,201906
20190607,20190606,73,164060073,041716426,25700,N,1,155,201906
20190607,20190606,73,164060073,041716489,25718,N,1,156,201906
20190607,20190606,73,164060073,042025361,25728,N,4,157,201906
20190607,20190606,73,164060073,042056667,25722,N,1,158,201906
20190607,20190606,73,164060073,042127973,25721,N,2,159,201906
20190607,20190606,73,164060073,042244507,25727,N,1,160,201906
20190607,20190606,73,164060073,042707312,25730,N,1,161,201906
20190607,20190606,73,164060073,042949532,25736,N,2,162,201906
20190607,20190606,73,164060073,043050116,25730,N,1,163,201906
20190607,20190606,73,164060073,043109033,25736,N,2,164,201906
20190607,20190606,73,164060073,043300056,25745,N,1,165,201906
20190607,20190606,73,164060073,043301777,25750,N,3,166,201906
20190607,20190606,73,164060073,043356294,25770,N,1,167,201906
20190607,20190606,73,164060073,043359918,25772,N,1,168,201906
20190607,20190606,73,164060073,043414244,25791,N,2,169,201906
20190607,20190606,73,164060073,043458848,25791,N,1,170,201906
20190607,20190606,73,164060073,043507149,25784,N,1,171,201906
20190607,20190606,73,164060073,043516168,25785,N,1,172,201906
20190607,20190606,73,164060073,043542113,25774,N,2,173,201906
20190607,20190606,73,164060073,043604454,25774,N,1,174,201906
20190607,20190606,73,164060073,043625711,25773,N,1,175,201906
20190607,20190606,73,164060073,043647229,25780,N,1,176,201906
20190607,20190606,73,164060073,044021048,25780,N,1,177,201906
20190607,20190606,73,164060073,044235937,25760,N,1,178,201906
20190607,20190606,73,164060073,044322915,25750,N,1,179,201906
20190607,20190606,73,164060073,045116702,25767,N,5,180,201906
20190607,20190606,73,164060073,045339572,25745,N,2,181,201906
20190607,20190606,73,164060073,045439861,25732,N,1,182,201906
20190607,20190606,73,164060073,045500224,25736,N,5,183,201906
20190607,20190606,73,164060073,050022858,25741,N,1,184,201906
20190607,20190606,73,164060073,051253585,25744,E,12,185,201906
20190607,20190607,73,164060073,084501051,25733,O,14,186,201906
20190607,20190607,73,164060073,085458163,25725,N,1,187,201906
20190607,20190607,73,164060073,085916521,25724,N,1,188,201906
20190607,20190607,73,164060073,085917187,25724,N,1,189,201906
20190607,20190607,73,164060073,090125475,25731,N,1,190,201906
20190607,20190607,73,164060073,090130408,25721,N,1,191,201906
20190607,20190607,73,164060073,090910583,25722,N,20,192,201906
20190607,20190607,73,164060073,091019935,25717,N,1,193,201906
20190607,20190607,73,164060073,092136293,25727,N,10,194,201906
20190607,20190607,73,164060073,092136498,25727,N,10,195,201906
20190607,20190607,73,164060073,092149673,25727,N,10,196,201906
20190607,20190607,73,164060073,092832139,25728,N,1,197,201906
20190607,20190607,73,164060073,093759687,25740,N,2,198,201906
20190607,20190607,73,164060073,093952206,25740,N,2,199,201906
20190607,20190607,73,164060073,094614220,25740,N,16,200,201906
20190607,20190607,73,164060073,095956875,25724,N,1,201,201906
20190607,20190607,73,164060073,100822944,25731,N,2,202,201906
20190607,20190607,73,164060073,100824311,25731,N,2,203,201906
20190607,20190607,73,164060073,101320334,25725,N,5,204,201906
20190607,20190607,73,164060073,110156234,25749,N,10,205,201906
20190607,20190607,73,164060073,110156234,25750,N,9,206,201906
20190607,20190607,73,164060073,110925318,25750,N,5,207,201906
20190607,20190607,73,164060073,113830962,25767,N,10,208,201906
20190607,20190607,73,164060073,113833351,25765,N,10,209,201906
20190607,20190607,73,164060073,114117231,25772,N,1,210,201906
20190607,20190607,73,164060073,114212275,25766,N,7,211,201906
20190607,20190607,73,164060073,115929885,25767,N,1,212,201906
20190607,20190607,73,164060073,121420797,25766,N,1,213,201906
20190607,20190607,73,164060073,121935693,25777,N,4,214,201906
20190607,20190607,73,164060073,124019242,25773,N,1,215,201906
20190607,20190607,73,164060073,124412908,25781,N,10,216,201906
20190607,20190607,73,164060073,124805749,25781,N,1,217,201906
20190607,20190607,73,164060073,124807768,25781,N,1,218,201906
20190607,20190607,73,164060073,124850500,25782,N,1,219,201906
20190607,20190607,73,164060073,125321595,25772,N,3,220,201906
20190607,20190607,73,164060073,125652210,25780,N,5,221,201906
20190607,20190607,73,164060073,125755329,25775,N,3,222,201906
20190607,20190607,73,164060073,125851607,25776,N,3,223,201906
20190607,20190607,73,164060073,134026700,25785,N,1,224,201906
20190607,20190607,73,164060073,134457958,25787,N,2,225,201906
20190607,20190607,73,164060073,134800009,25777,N,15,226,201906
20190607,20190607,73,164060073,135031207,25778,N,1,227,201906
20190607,20190607,73,164060073,140543424,25775,N,10,228,201906
20190607,20190607,73,164060073,141117184,25780,N,10,229,201906
20190607,20190607,73,164060073,141949828,25773,N,1,230,201906
20190607,20190607,73,164060073,142104245,25778,N,1,231,201906
20190607,20190607,73,164060073,142203159,25777,N,1,232,201906
20190607,20190607,73,164060073,142345110,25777,N,1,233,201906
20190607,20190607,73,164060073,144742855,25775,N,1,234,201906
20190607,20190607,73,164060073,144836614,25775,N,1,235,201906
20190607,20190607,73,164060073,144852962,25775,N,13,236,201906
20190607,20190607,73,164060073,145641985,25784,N,2,237,201906
20190607,20190607,73,164060073,150047057,25775,N,1,238,201906
20190607,20190607,73,164060073,150129919,25772,N,1,239,201906
20190607,20190607,73,164060073,150247423,25783,N,1,240,201906
20190607,20190607,73,164060073,150307024,25781,N,1,241,201906
20190607,20190607,73,164060073,151501010,25792,E,14,242,201906
20190607,20190606,73,164090073,163001045,25100,O,10,243,201909
20190607,20190606,73,164090073,163914006,25500,N,1,244,201909
20190607,20190606,73,164090073,163920201,25515,N,1,245,201909
20190607,20190606,73,164090073,174231672,25570,N,2,246,201909
20190607,20190606,73,164090073,175658341,25599,N,1,247,201909
20190607,20190606,73,164090073,175658341,25600,N,1,248,201909
20190607,20190606,73,164090073,175658341,25639,N,1,249,201909
20190607,20190606,73,164090073,175658341,25640,N,1,250,201909
20190607,20190606,73,164090073,175658341,25669,N,1,251,201909
20190607,20190606,73,164090073,033353859,25595,N,1,252,201909
20190607,20190606,73,164090073,033353859,25600,N,1,253,201909
20190607,20190606,73,164090073,033424317,25620,N,1,254,201909
20190607,20190606,73,164090073,042307392,25660,N,1,255,201909
20190607,20190606,73,164090073,043125104,25669,N,1,256,201909
20190607,20190606,73,164090073,043135068,25670,N,2,257,201909
20190607,20190606,73,164090073,043301392,25680,N,1,258,201909
20190607,20190606,73,164090073,043340005,25700,N,1,259,201909
20190607,20190606,73,164090073,043420006,25725,E,1,260,201909
20190607,20190607,73,164090073,115659356,25730,O,1,261,201909
20190607,20190607,73,164090073,124553774,25750,N,1,262,201909
20190607,20190607,73,164090073,124553774,25760,N,1,263,201909
20190607,20190607,73,164090073,124553774,25769,N,1,264,201909
20190607,20190607,73,164090073,124553774,25770,N,1,265,201909
20190607,20190607,73,164090073,124553774,25789,N,1,266,201909
20190607,20190607,73,164090073,124553774,25790,N,1,267,201909
20190607,20190607,73,164090073,124553774,25798,N,1,268,201909
20190607,20190607,73,164090073,124553774,25799,N,1,269,201909
20190607,20190607,73,164090073,124553774,25800,N,2,270,201909
20190607,20190607,73,164090073,141743998,25785,N,1,271,201909
20190607,20190607,73,164090073,141752693,25789,E,1,272,201909
20190607,20190606,73,164120073,164735651,25500,O,1,273,201912
20190610,20190607,73,164060073,163001046,25801,O,6,1,201906
20190610,20190607,73,164060073,163122274,25810,N,1,2,201906
20190610,20190607,73,164060073,163739255,25807,N,1,3,201906
20190610,20190607,73,164060073,163958269,25804,N,2,4,201906
20190610,20190607,73,164060073,164022198,25810,N,1,5,201906
20190610,20190607,73,164060073,164023986,25810,N,1,6,201906
20190610,20190607,73,164060073,164401353,25803,N,2,7,201906
20190610,20190607,73,164060073,164605208,25801,N,1,8,201906
20190610,20190607,73,164060073,170945284,25818,N,1,9,201906
20190610,20190607,73,164060073,172755710,25818,N,2,10,201906
20190610,20190607,73,164060073,172950821,25822,N,1,11,201906
20190610,20190607,73,164060073,173031149,25823,N,1,12,201906
20190610,20190607,73,164060073,173212237,25809,N,5,13,201906
20190610,20190607,73,164060073,173656197,25812,N,1,14,201906
20190610,20190607,73,164060073,174648710,25825,N,2,15,201906
20190610,20190607,73,164060073,174719281,25828,N,2,16,201906
20190610,20190607,73,164060073,174739532,25829,N,2,17,201906
20190610,20190607,73,164060073,180210643,25812,N,1,18,201906
20190610,20190607,73,164060073,181642368,25808,N,1,19,201906
20190610,20190607,73,164060073,184226015,25817,N,1,20,201906
20190610,20190607,73,164060073,185347187,25817,N,1,21,201906
20190610,20190607,73,164060073,190006440,25815,N,1,22,201906
20190610,20190607,73,164060073,190616085,25809,N,1,23,201906
20190610,20190607,73,164060073,191009805,25813,N,1,24,201906
20190610,20190607,73,164060073,191313979,25808,N,1,25,201906
20190610,20190607,73,164060073,191936795,25804,N,1,26,201906
20190610,20190607,73,164060073,192349547,25810,N,1,27,201906
20190610,20190607,73,164060073,192446495,25811,N,1,28,201906
20190610,20190607,73,164060073,202155212,25815,N,20,29,201906
20190610,20190607,73,164060073,203113090,25809,N,1,30,201906
20190610,20190607,73,164060073,204603471,25818,N,1,31,201906
20190610,20190607,73,164060073,204801976,25812,N,1,32,201906
20190610,20190607,73,164060073,204920876,25808,N,10,33,201906
