Trade_Date,Make_Date,Index_Type,Security_Code,Time,Trade_Price,Price_Type,Trade_Volume,No,Contract_Month
20190104,20181228,73,164030073,164309007,23028,O,1,1,201903
20190104,20181228,73,164030073,164448038,23035,N,1,2,201903
20190104,20181228,73,164030073,165946211,23058,N,10,3,201903
20190104,20181228,73,164030073,170242238,23065,N,1,4,201903
20190104,20181228,73,164030073,171909272,23018,N,2,5,201903
20190104,20181228,73,164030073,171922448,23034,N,10,6,201903
20190104,20181228,73,164030073,174306216,23093,N,1,7,201903
20190104,20181228,73,164030073,174326250,23095,N,1,8,201903
20190104,20181228,73,164030073,180455036,23099,N,1,9,201903
20190104,20181228,73,164030073,181328312,23113,N,1,10,201903
20190104,20181228,73,164030073,182757137,23092,N,1,11,201903
20190104,20181228,73,164030073,182808007,23124,N,5,12,201903
20190104,20181228,73,164030073,184237361,23123,N,1,13,201903
20190104,20181228,73,164030073,190843182,23188,N,1,14,201903
20190104,20181228,73,164030073,191355415,23190,N,10,15,201903
20190104,20181228,73,164030073,191529009,23200,N,1,16,201903
20190104,20181228,73,164030073,192654150,23200,N,1,17,201903
20190104,20181228,73,164030073,193525107,23224,N,7,18,201903
20190104,20181228,73,164030073,193525107,23224,N,1,19,201903
20190104,20181228,73,164030073,193525108,23224,N,1,20,201903
20190104,20181228,73,164030073,193526625,23224,N,1,21,201903
20190104,20181228,73,164030073,193554557,23226,N,2,22,201903
20190104,20181228,73,164030073,200355093,23220,N,1,23,201903
20190104,20181228,73,164030073,200356644,23220,N,1,24,201903
20190104,20181228,73,164030073,202222673,23219,N,1,25,201903
20190104,20181228,73,164030073,202503223,23210,N,3,26,201903
20190104,20181228,73,164030073,202628829,23273,N,1,27,201903
20190104,20181228,73,164030073,202628829,23293,N,1,28,201903
20190104,20181228,73,164030073,202853456,23295,N,1,29,201903
20190104,20181228,73,164030073,203119307,23300,N,3,30,201903
20190104,20181228,73,164030073,203119308,23300,N,1,31,201903
20190104,20181228,73,164030073,203119308,23300,N,2,32,201903
20190104,20181228,73,164030073,203158966,23228,N,1,33,201903
20190104,20181228,73,164030073,205120642,23276,N,10,34,201903
20190104,20181228,73,164030073,205355140,23276,N,3,35,201903
20190104,20181228,73,164030073,205855841,23241,N,2,36,201903
20190104,20181228,73,164030073,211728049,23238,N,11,37,201903
20190104,20181228,73,164030073,211810382,23234,N,1,38,201903
20190104,20181228,73,164030073,211816648,23220,N,11,39,201903
20190104,20181228,73,164030073,212137288,23235,N,1,40,201903
20190104,20181228,73,164030073,215012778,23194,N,10,41,201903
20190104,20181228,73,164030073,215015183,23187,N,1,42,201903
20190104,20181228,73,164030073,215900287,23214,N,3,43,201903
20190104,20181228,73,164030073,215900876,23220,N,10,44,201903
20190104,20181228,73,164030073,215910214,23214,N,1,45,201903
20190104,20181228,73,164030073,215912143,23220,N,5,46,201903
20190104,20181228,73,164030073,223558061,23201,N,10,47,201903
20190104,20181228,73,164030073,224554688,23208,N,10,48,201903
20190104,20181228,73,164030073,230358642,23210,N,1,49,201903
20190104,20181228,73,164030073,230628896,23217,N,1,50,201903
20190104,20181228,73,164030073,231203504,23208,N,1,51,201903
20190104,20181228,73,164030073,231209042,23206,N,1,52,201903
20190104,20181228,73,164030073,231450957,23220,N,1,53,201903
20190104,20181228,73,164030073,232208649,23203,N,1,54,201903
20190104,20181228,73,164030073,232545277,23210,N,10,55,201903
20190104,20181228,73,164030073,233347994,23161,N,4,56,201903
20190104,20181228,73,164030073,233425619,23171,N,4,57,201903
20190104,20181228,73,164030073,233523540,23141,N,1,58,201903
20190104,20181228,73,164030073,233543378,23110,N,1,59,201903
20190104,20181228,73,164030073,233745801,23145,N,10,60,201903
20190104,20181228,73,164030073,234402889,23197,N,10,61,201903
20190104,20181228,73,164030073,234508776,23187,N,10,62,201903
20190104,20181228,73,164030073,234545398,23179,N,11,63,201903
20190104,20181228,73,164030073,234611342,23200,N,1,64,201903
20190104,20181228,73,164030073,234742960,23235,N,1,65,201903
20190104,20181228,73,164030073,235012338,23139,N,1,66,201903
20190104,20181228,73,164030073,235252506,23140,N,5,67,201903
20190104,20181228,73,164030073,235438360,23146,N,5,68,201903
20190104,20181228,73,164030073,235604771,23145,N,1,69,201903
20190104,20181228,73,164030073,235728726,23150,N,1,70,201903
20190104,20181228,73,164030073,000211425,23155,N,3,71,201903
20190104,20181228,73,164030073,000406323,23103,N,1,72,201903
20190104,20181228,73,164030073,001213673,23081,N,21,73,201903
20190104,20181228,73,164030073,001213675,23080,N,1,74,201903
20190104,20181228,73,164030073,001351474,23080,N,11,75,201903
20190104,20181228,73,164030073,002430904,23080,N,1,76,201903
20190104,20181228,73,164030073,002736385,23050,N,11,77,201903
20190104,20181228,73,164030073,002833451,23040,N,1,78,201903
20190104,20181228,73,164030073,002834305,23035,N,2,79,201903
20190104,20181228,73,164030073,003502045,23025,N,1,80,201903
20190104,20181228,73,164030073,003515736,23003,N,1,81,201903
20190104,20181228,73,164030073,003516611,23000,N,1,82,201903
20190104,20181228,73,164030073,003738804,22950,N,11,83,201903
20190104,20181228,73,164030073,003741087,22925,N,11,84,201903
20190104,20181228,73,164030073,003741087,22924,N,4,85,201903
20190104,20181228,73,164030073,004119412,23000,N,1,86,201903
20190104,20181228,73,164030073,004426652,22979,N,10,87,201903
20190104,20181228,73,164030073,004450906,22945,N,1,88,201903
20190104,20181228,73,164030073,010104903,23005,N,3,89,201903
20190104,20181228,73,164030073,010328871,23007,N,8,90,201903
20190104,20181228,73,164030073,010846014,23027,N,1,91,201903
20190104,20181228,73,164030073,011036797,23055,N,1,92,201903
20190104,20181228,73,164030073,011445049,23040,N,10,93,201903
20190104,20181228,73,164030073,013051068,23080,N,11,94,201903
20190104,20181228,73,164030073,013409099,23081,N,1,95,201903
20190104,20181228,73,164030073,014346558,23153,N,1,96,201903
20190104,20181228,73,164030073,020703471,23189,N,2,97,201903
20190104,20181228,73,164030073,021127629,23163,N,10,98,201903
20190104,20181228,73,164030073,021138728,23166,N,10,99,201903
20190104,20181228,73,164030073,021138728,23167,N,10,100,201903
20190104,20181228,73,164030073,021138733,23168,N,10,101,201903
20190104,20181228,73,164030073,021935746,23107,N,10,102,201903
20190104,20181228,73,164030073,022416262,23156,N,10,103,201903
20190104,20181228,73,164030073,022416262,23157,N,10,104,201903
20190104,20181228,73,164030073,022504963,23159,N,1,105,201903
20190104,20181228,73,164030073,022651968,23135,N,10,106,201903
20190104,20181228,73,164030073,022828699,23109,N,10,107,201903
20190104,20181228,73,164030073,024715781,23153,N,1,108,201903
20190104,20181228,73,164030073,024841794,23141,N,10,109,201903
20190104,20181228,73,164030073,030502094,23060,N,1,110,201903
20190104,20181228,73,164030073,030747806,23050,N,10,111,201903
20190104,20181228,73,164030073,032137163,23050,N,20,112,201903
20190104,20181228,73,164030073,032137168,23049,N,11,113,201903
20190104,20181228,73,164030073,032434785,23021,N,1,114,201903
20190104,20181228,73,164030073,032610408,23019,N,10,115,201903
20190104,20181228,73,164030073,032902051,23020,N,3,116,201903
20190104,20181228,73,164030073,033056233,23002,N,20,117,201903
20190104,20181228,73,164030073,034134810,23037,N,1,118,201903
20190104,20181228,73,164030073,035330270,23065,N,1,119,201903
20190104,20181228,73,164030073,040124713,23158,N,1,120,201903
20190104,20181228,73,164030073,042413375,23202,N,1,121,201903
20190104,20181228,73,164030073,042432411,23199,N,10,122,201903
20190104,20181228,73,164030073,042605997,23229,N,1,123,201903
20190104,20181228,73,164030073,044142171,23279,N,10,124,201903
20190104,20181228,73,164030073,044219784,23281,N,10,125,201903
20190104,20181228,73,164030073,044219784,23280,N,10,126,201903
20190104,20181228,73,164030073,044222200,23284,N,1,127,201903
20190104,20181228,73,164030073,045228767,23294,N,1,128,201903
20190104,20181228,73,164030073,045250530,23300,N,7,129,201903
20190104,20181228,73,164030073,045353481,23310,N,3,130,201903
20190104,20181228,73,164030073,045353491,23325,N,1,131,201903
20190104,20181228,73,164030073,045353491,23333,N,9,132,201903
20190104,20181228,73,164030073,045404728,23320,N,10,133,201903
20190104,20181228,73,164030073,045433852,23310,N,10,134,201903
20190104,20181228,73,164030073,045625886,23310,N,1,135,201903
20190104,20181228,73,164030073,045630377,23313,N,10,136,201903
20190104,20181228,73,164030073,045820595,23320,N,5,137,201903
20190104,20181228,73,164030073,050621367,23224,N,10,138,201903
20190104,20181228,73,164030073,050622165,23221,N,1,139,201903
20190104,20181228,73,164030073,050623491,23210,N,1,140,201903
20190104,20181228,73,164030073,050640717,23209,N,10,141,201903
20190104,20181228,73,164030073,050843026,23175,N,1,142,201903
20190104,20181228,73,164030073,051123383,23130,N,1,143,201903
20190104,20181228,73,164030073,051231685,23135,N,1,144,201903
20190104,20181228,73,164030073,051736255,23161,E,1,145,201903
20190104,20190104,73,164030073,084501051,22668,O,5,146,201903
20190104,20190104,73,164030073,084548041,22696,N,1,147,201903
20190104,20190104,73,164030073,084710939,22667,N,5,148,201903
20190104,20190104,73,164030073,084715672,22667,N,3,149,201903
20190104,20190104,73,164030073,084802121,22668,N,1,150,201903
20190104,20190104,73,164030073,090022713,22664,N,10,151,201903
20190104,20190104,73,164030073,090035265,22638,N,1,152,201903
20190104,20190104,73,164030073,090344632,22644,N,1,153,201903
20190104,20190104,73,164030073,090359570,22652,N,1,154,201903
20190104,20190104,73,164030073,090514365,22641,N,1,155,201903
20190104,20190104,73,164030073,090853225,22618,N,2,156,201903
20190104,20190104,73,164030073,091031163,22616,N,1,157,201903
20190104,20190104,73,164030073,091049991,22615,N,1,158,201903
20190104,20190104,73,164030073,091454234,22600,N,2,159,201903
20190104,20190104,73,164030073,091547078,22589,N,10,160,201903
20190104,20190104,73,164030073,091659025,22556,N,1,161,201903
20190104,20190104,73,164030073,092354762,22541,N,1,162,201903
20190104,20190104,73,164030073,092428567,22548,N,10,163,201903
20190104,20190104,73,164030073,092450522,22562,N,10,164,201903
20190104,20190104,73,164030073,092853854,22554,N,1,165,201903
20190104,20190104,73,164030073,093138794,22565,N,1,166,201903
20190104,20190104,73,164030073,093202144,22556,N,10,167,201903
20190104,20190104,73,164030073,095815806,22552,N,1,168,201903
20190104,20190104,73,164030073,100331293,22585,N,1,169,201903
20190104,20190104,73,164030073,101125514,22575,N,2,170,201903
20190104,20190104,73,164030073,101502596,22585,N,1,171,201903
20190104,20190104,73,164030073,102004534,22580,N,1,172,201903
20190104,20190104,73,164030073,102319221,22558,N,1,173,201903
20190104,20190104,73,164030073,102712857,22569,N,1,174,201903
20190104,20190104,73,164030073,103607759,22581,N,1,175,201903
20190104,20190104,73,164030073,104035441,22610,N,1,176,201903
20190104,20190104,73,164030073,104909419,22646,N,10,177,201903
20190104,20190104,73,164030073,105255321,22650,N,1,178,201903
20190104,20190104,73,164030073,105421863,22655,N,1,179,201903
20190104,20190104,73,164030073,110057326,22633,N,1,180,201903
20190104,20190104,73,164030073,110549281,22633,N,1,181,201903
20190104,20190104,73,164030073,111805307,22611,N,1,182,201903
20190104,20190104,73,164030073,112031807,22609,N,2,183,201903
20190104,20190104,73,164030073,112307771,22630,N,22,184,201903
20190104,20190104,73,164030073,112706298,22645,N,1,185,201903
20190104,20190104,73,164030073,114015306,22650,N,11,186,201903
20190104,20190104,73,164030073,114831560,22660,N,1,187,201903
20190104,20190104,73,164030073,120052327,22700,N,1,188,201903
20190104,20190104,73,164030073,120141291,22701,N,1,189,201903
20190104,20190104,73,164030073,120427320,22701,N,1,190,201903
20190104,20190104,73,164030073,120943118,22720,N,1,191,201903
20190104,20190104,73,164030073,121013664,22724,N,1,192,201903
20190104,20190104,73,164030073,122458493,22696,N,2,193,201903
20190104,20190104,73,164030073,122525937,22705,N,1,194,201903
20190104,20190104,73,164030073,122749599,22730,N,2,195,201903
20190104,20190104,73,164030073,125907299,22694,N,2,196,201903
20190104,20190104,73,164030073,130156991,22720,N,1,197,201903
20190104,20190104,73,164030073,131252737,22712,N,2,198,201903
20190104,20190104,73,164030073,132200023,22740,N,1,199,201903
20190104,20190104,73,164030073,134312451,22733,N,1,200,201903
20190104,20190104,73,164030073,134408122,22735,N,10,201,201903
20190104,20190104,73,164030073,140943884,22735,N,1,202,201903
20190104,20190104,73,164030073,141155037,22729,N,1,203,201903
20190104,20190104,73,164030073,142543452,22733,N,1,204,201903
20190104,20190104,73,164030073,143227029,22741,N,10,205,201903
20190104,20190104,73,164030073,143227163,22750,N,1,206,201903
20190104,20190104,73,164030073,143227238,22760,N,1,207,201903
20190104,20190104,73,164030073,143423094,22770,N,1,208,201903
20190104,20190104,73,164030073,143654326,22765,N,1,209,201903
20190104,20190104,73,164030073,144306691,22752,N,16,210,201903
20190104,20190104,73,164030073,145956591,22750,N,1,211,201903
20190104,20190104,73,164030073,150000199,22753,N,1,212,201903
20190104,20190104,73,164030073,150719476,22762,N,1,213,201903
20190104,20190104,73,164030073,150720916,22760,E,1,214,201903
20190107,20190104,73,164030073,163001046,22812,O,1,1,201903
20190107,20190104,73,164030073,164752464,22803,N,16,2,201903
20190107,20190104,73,164030073,165207302,22807,N,1,3,201903
20190107,20190104,73,164030073,165836767,22840,N,1,4,201903
20190107,20190104,73,164030073,170202571,22850,N,2,5,201903
20190107,20190104,73,164030073,170203123,22860,N,1,6,201903
20190107,20190104,73,164030073,170203165,22867,N,10,7,201903
20190107,20190104,73,164030073,170205394,22870,N,1,8,201903
20190107,20190104,73,164030073,170907455,22861,N,1,9,201903
20190107,20190104,73,164030073,171007736,22869,N,1,10,201903
20190107,20190104,73,164030073,171022374,22870,N,1,11,201903
20190107,20190104,73,164030073,171221239,22847,N,1,12,201903
20190107,20190104,73,164030073,171444076,22831,N,10,13,201903
20190107,20190104,73,164030073,172715357,22818,N,10,14,201903
20190107,20190104,73,164030073,173442868,22815,N,1,15,201903
20190107,20190104,73,164030073,173454469,22800,N,11,16,201903
20190107,20190104,73,164030073,173507335,22824,N,10,17,201903
20190107,20190104,73,164030073,173528722,22818,N,10,18,201903
20190107,20190104,73,164030073,174135787,22818,N,1,19,201903
20190107,20190104,73,164030073,174436449,22832,N,11,20,201903
20190107,20190104,73,164030073,174451160,22832,N,6,21,201903
20190107,20190104,73,164030073,175010274,22835,N,10,22,201903
20190107,20190104,73,164030073,175659074,22834,N,7,23,201903
20190107,20190104,73,164030073,175807273,22843,N,10,24,201903
20190107,20190104,73,164030073,181757449,22840,N,1,25,201903
20190107,20190104,73,164030073,181936526,22835,N,1,26,201903
20190107,20190104,73,164030073,182241231,22880,N,1,27,201903
20190107,20190104,73,164030073,182318677,22874,N,10,28,201903
20190107,20190104,73,164030073,182320174,22877,N,20,29,201903
20190107,20190104,73,164030073,182350300,22872,N,11,30,201903
20190107,20190104,73,164030073,182350304,22874,N,10,31,201903
20190107,20190104,73,164030073,182838536,22884,N,1,32,201903
20190107,20190104,73,164030073,182936939,22890,N,1,33,201903
20190107,20190104,73,164030073,182949322,22899,N,20,34,201903
20190107,20190104,73,164030073,182949325,22897,N,10,35,201903
20190107,20190104,73,164030073,182949441,22900,N,1,36,201903
20190107,20190104,73,164030073,183000051,22909,N,10,37,201903
20190107,20190104,73,164030073,183042010,22902,N,11,38,201903
20190107,20190104,73,164030073,185056827,22906,N,1,39,201903
20190107,20190104,73,164030073,185119237,22905,N,1,40,201903
20190107,20190104,73,164030073,190206446,22889,N,10,41,201903
20190107,20190104,73,164030073,190323358,22886,N,1,42,201903
20190107,20190104,73,164030073,194107557,22900,N,1,43,201903
20190107,20190104,73,164030073,195744250,22923,N,10,44,201903
20190107,20190104,73,164030073,195833407,22916,N,1,45,201903
20190107,20190104,73,164030073,200020121,22922,N,1,46,201903
20190107,20190104,73,164030073,200802384,22919,N,11,47,201903
20190107,20190104,73,164030073,200959656,22930,N,1,48,201903
20190107,20190104,73,164030073,205128600,22924,N,10,49,201903
20190107,20190104,73,164030073,211346696,22916,N,1,50,201903
20190107,20190104,73,164030073,211420530,22912,N,1,51,201903
20190107,20190104,73,164030073,212148003,22909,N,1,52,201903
20190107,20190104,73,164030073,212542908,22920,N,1,53,201903
20190107,20190104,73,164030073,213305889,22915,N,10,54,201903
20190107,20190104,73,164030073,214329812,22897,N,20,55,201903
20190107,20190104,73,164030073,214329944,22894,N,11,56,201903
20190107,20190104,73,164030073,214554503,22906,N,1,57,201903
20190107,20190104,73,164030073,220213401,22902,N,11,58,201903
20190107,20190104,73,164030073,220213408,22904,N,10,59,201903
20190107,20190104,73,164030073,220324208,22906,N,1,60,201903
20190107,20190104,73,164030073,220854780,22886,N,1,61,201903
20190107,20190104,73,164030073,221152495,22882,N,1,62,201903
20190107,20190104,73,164030073,221443585,22877,N,1,63,201903
20190107,20190104,73,164030073,223415451,22874,N,21,64,201903
20190107,20190104,73,164030073,223429683,22874,N,10,65,201903
20190107,20190104,73,164030073,223444093,22861,N,10,66,201903
20190107,20190104,73,164030073,223444189,22863,N,10,67,201903
20190107,20190104,73,164030073,223459070,22869,N,10,68,201903
20190107,20190104,73,164030073,223501029,22865,N,10,69,201903
20190107,20190104,73,164030073,223524783,22860,N,10,70,201903
20190107,20190104,73,164030073,223547383,22850,N,1,71,201903
20190107,20190104,73,164030073,223629468,22859,N,10,72,201903
20190107,20190104,73,164030073,223635988,22848,N,1,73,201903
20190107,20190104,73,164030073,223645434,22854,N,10,74,201903
20190107,20190104,73,164030073,223708793,22851,N,10,75,201903
20190107,20190104,73,164030073,223904279,22851,N,1,76,201903
20190107,20190104,73,164030073,223947338,22850,N,1,77,201903
20190107,20190104,73,164030073,224637748,22894,N,1,78,201903
20190107,20190104,73,164030073,225034887,22942,N,10,79,201903
20190107,20190104,73,164030073,225435846,22922,N,10,80,201903
20190107,20190104,73,164030073,225525525,22902,N,1,81,201903
20190107,20190104,73,164030073,225714203,22927,N,2,82,201903
20190107,20190104,73,164030073,225735747,22923,N,1,83,201903
20190107,20190104,73,164030073,225943704,22917,N,1,84,201903
20190107,20190104,73,164030073,230357429,22877,N,1,85,201903
20190107,20190104,73,164030073,230616228,22883,N,1,86,201903
20190107,20190104,73,164030073,231220478,22919,N,1,87,201903
20190107,20190104,73,164030073,232127575,22933,N,1,88,201903
20190107,20190104,73,164030073,232213246,22933,N,1,89,201903
20190107,20190104,73,164030073,232424774,22941,N,10,90,201903
20190107,20190104,73,164030073,232501368,22946,N,1,91,201903
20190107,20190104,73,164030073,232817365,22956,N,11,92,201903
20190107,20190104,73,164030073,232959844,22941,N,1,93,201903
20190107,20190104,73,164030073,233251986,22950,N,1,94,201903
20190107,20190104,73,164030073,233921491,22972,N,1,95,201903
20190107,20190104,73,164030073,233942147,22993,N,11,96,201903
20190107,20190104,73,164030073,234000089,22987,N,10,97,201903
20190107,20190104,73,164030073,234130211,22984,N,10,98,201903
20190107,20190104,73,164030073,234208063,22987,N,1,99,201903
20190107,20190104,73,164030073,234244209,23000,N,4,100,201903
20190107,20190104,73,164030073,234659909,23000,N,2,101,201903
20190107,20190104,73,164030073,234924875,23019,N,11,102,201903
20190107,20190104,73,164030073,235153296,23046,N,1,103,201903
20190107,20190104,73,164030073,235214239,23058,N,1,104,201903
20190107,20190104,73,164030073,235224950,23045,N,10,105,201903
20190107,20190104,73,164030073,235518036,23028,N,1,106,201903
20190107,20190104,73,164030073,235557107,23055,N,2,107,201903
20190107,20190104,73,164030073,235816804,23088,N,1,108,201903
20190107,20190104,73,164030073,235902188,23099,N,1,109,201903
20190107,20190104,73,164030073,000005862,23117,N,1,110,201903
20190107,20190104,73,164030073,000120291,23117,N,10,111,201903
20190107,20190104,73,164030073,000300807,23119,N,10,112,201903
20190107,20190104,73,164030073,000321598,23121,N,10,113,201903
20190107,20190104,73,164030073,000321601,23120,N,11,114,201903
20190107,20190104,73,164030073,000321601,23117,N,1,115,201903
20190107,20190104,73,164030073,000342880,23136,N,1,116,201903
20190107,20190104,73,164030073,000433050,23128,N,10,117,201903
20190107,20190104,73,164030073,000809180,23094,N,5,118,201903
20190107,20190104,73,164030073,000859655,23099,N,1,119,201903
20190107,20190104,73,164030073,001024922,23104,N,2,120,201903
20190107,20190104,73,164030073,002039073,23003,N,1,121,201903
20190107,20190104,73,164030073,002039074,22993,N,1,122,201903
20190107,20190104,73,164030073,002056406,22998,N,1,123,201903
20190107,20190104,73,164030073,002143129,23023,N,1,124,201903
20190107,20190104,73,164030073,002150512,23025,N,1,125,201903
20190107,20190104,73,164030073,002207216,23080,N,2,126,201903
20190107,20190104,73,164030073,002326720,23157,N,1,127,201903
20190107,20190104,73,164030073,002330455,23156,N,1,128,201903
20190107,20190104,73,164030073,002439630,23183,N,1,129,201903
20190107,20190104,73,164030073,002519009,23200,N,1,130,201903
20190107,20190104,73,164030073,002606344,23230,N,2,131,201903
20190107,20190104,73,164030073,002825085,23237,N,1,132,201903
20190107,20190104,73,164030073,002905507,23233,N,1,133,201903
20190107,20190104,73,164030073,002922940,23240,N,1,134,201903
20190107,20190104,73,164030073,002953747,23245,N,1,135,201903
20190107,20190104,73,164030073,002959411,23250,N,2,136,201903
20190107,20190104,73,164030073,003118607,23287,N,2,137,201903
20190107,20190104,73,164030073,003227218,23243,N,1,138,201903
20190107,20190104,73,164030073,003431573,23216,N,1,139,201903
20190107,20190104,73,164030073,003439755,23207,N,10,140,201903
20190107,20190104,73,164030073,003500618,23206,N,1,141,201903
20190107,20190104,73,164030073,003811147,23226,N,10,142,201903
20190107,20190104,73,164030073,004300413,23195,N,10,143,201903
20190107,20190104,73,164030073,004319530,23180,N,1,144,201903
20190107,20190104,73,164030073,004429810,23193,N,10,145,201903
20190107,20190104,73,164030073,004844632,23208,N,10,146,201903
20190107,20190104,73,164030073,005700056,23228,N,10,147,201903
20190107,20190104,73,164030073,005910874,23250,N,10,148,201903
20190107,20190104,73,164030073,010122420,23260,N,1,149,201903
20190107,20190104,73,164030073,010158841,23287,N,10,150,201903
20190107,20190104,73,164030073,010211871,23290,N,1,151,201903
20190107,20190104,73,164030073,010250397,23300,N,5,152,201903
20190107,20190104,73,164030073,010303760,23311,N,1,153,201903
20190107,20190104,73,164030073,010638301,23296,N,2,154,201903
20190107,20190104,73,164030073,010952003,23300,N,1,155,201903
20190107,20190104,73,164030073,011003729,23307,N,10,156,201903
20190107,20190104,73,164030073,012322027,23238,N,1,157,201903
20190107,20190104,73,164030073,013046053,23189,N,11,158,201903
20190107,20190104,73,164030073,014537846,23242,N,10,159,201903
20190107,20190104,73,164030073,020926671,23268,N,2,160,201903
20190107,20190104,73,164030073,021602854,23302,N,3,161,201903
20190107,20190104,73,164030073,021843264,23333,N,1,162,201903
20190107,20190104,73,164030073,022229800,23350,N,2,163,201903
20190107,20190104,73,164030073,022229801,23352,N,1,164,201903
20190107,20190104,73,164030073,024034618,23382,N,1,165,201903
20190107,20190104,73,164030073,024220944,23390,N,1,166,201903
20190107,20190104,73,164030073,024428827,23391,N,1,167,201903
20190107,20190104,73,164030073,024956591,23400,N,7,168,201903
20190107,20190104,73,164030073,024957334,23401,N,1,169,201903
20190107,20190104,73,164030073,024957334,23403,N,1,170,201903
20190107,20190104,73,164030073,025333049,23407,N,1,171,201903
20190107,20190104,73,164030073,025510505,23401,N,1,172,201903
20190107,20190104,73,164030073,025528215,23414,N,1,173,201903
20190107,20190104,73,164030073,025720873,23422,N,6,174,201903
20190107,20190104,73,164030073,030227624,23426,N,1,175,201903
20190107,20190104,73,164030073,030503063,23425,N,1,176,201903
20190107,20190104,73,164030073,030741777,23448,N,1,177,201903
20190107,20190104,73,164030073,030753066,23456,N,1,178,201903
20190107,20190104,73,164030073,030753067,23463,N,1,179,201903
20190107,20190104,73,164030073,030753067,23482,N,1,180,201903
20190107,20190104,73,164030073,031040802,23456,N,1,181,201903
20190107,20190104,73,164030073,031347048,23440,N,1,182,201903
20190107,20190104,73,164030073,031838788,23417,N,1,183,201903
20190107,20190104,73,164030073,031910362,23426,N,1,184,201903
20190107,20190104,73,164030073,033704028,23402,N,7,185,201903
20190107,20190104,73,164030073,034049084,23381,N,10,186,201903
20190107,20190104,73,164030073,035236449,23400,N,1,187,201903
20190107,20190104,73,164030073,040658856,23360,N,10,188,201903
20190107,20190104,73,164030073,040941408,23339,N,1,189,201903
20190107,20190104,73,164030073,041005224,23340,N,1,190,201903
20190107,20190104,73,164030073,041647876,23350,N,1,191,201903
20190107,20190104,73,164030073,042534802,23399,N,1,192,201903
20190107,20190104,73,164030073,045549083,23356,N,11,193,201903
20190107,20190104,73,164030073,045942002,23343,N,10,194,201903
20190107,20190104,73,164030073,052116726,23350,E,1,195,201903
20190107,20190107,73,164030073,084501050,23448,O,7,196,201903
20190107,20190107,73,164030073,085719713,23445,N,1,197,201903
20190107,20190107,73,164030073,085746884,23448,N,1,198,201903
20190107,20190107,73,164030073,085847814,23444,N,1,199,201903
20190107,20190107,73,164030073,090016624,23442,N,2,200,201903
20190107,20190107,73,164030073,090218379,23450,N,2,201,201903
20190107,20190107,73,164030073,090257285,23458,N,10,202,201903
20190107,20190107,73,164030073,090301517,23480,N,5,203,201903
20190107,20190107,73,164030073,090302232,23480,N,6,204,201903
20190107,20190107,73,164030073,090439822,23500,N,6,205,201903
20190107,20190107,73,164030073,090439823,23512,N,1,206,201903
20190107,20190107,73,164030073,091401920,23551,N,11,207,201903
20190107,20190107,73,164030073,091401920,23552,N,5,208,201903
20190107,20190107,73,164030073,091401922,23557,N,2,209,201903
20190107,20190107,73,164030073,091939714,23560,N,1,210,201903
20190107,20190107,73,164030073,091941198,23558,N,7,211,201903
20190107,20190107,73,164030073,092221718,23573,N,1,212,201903
20190107,20190107,73,164030073,092225468,23574,N,1,213,201903
20190107,20190107,73,164030073,092504203,23578,N,1,214,201903
20190107,20190107,73,164030073,092727241,23578,N,1,215,201903
20190107,20190107,73,164030073,093001116,23580,N,1,216,201903
20190107,20190107,73,164030073,094725853,23555,N,1,217,201903
20190107,20190107,73,164030073,094850648,23552,N,1,218,201903
20190107,20190107,73,164030073,095123120,23534,N,11,219,201903
20190107,20190107,73,164030073,095140043,23533,N,1,220,201903
20190107,20190107,73,164030073,101000414,23501,N,1,221,201903
20190107,20190107,73,164030073,101001398,23500,N,1,222,201903
20190107,20190107,73,164030073,101315481,23521,N,10,223,201903
20190107,20190107,73,164030073,101447337,23530,N,1,224,201903
20190107,20190107,73,164030073,101757480,23524,N,1,225,201903
20190107,20190107,73,164030073,102557790,23501,N,2,226,201903
20190107,20190107,73,164030073,103420363,23512,N,1,227,201903
20190107,20190107,73,164030073,110101421,23483,N,1,228,201903
20190107,20190107,73,164030073,110101421,23483,N,9,229,201903
20190107,20190107,73,164030073,110535116,23473,N,1,230,201903
20190107,20190107,73,164030073,110623542,23500,N,5,231,201903
20190107,20190107,73,164030073,111925099,23482,N,1,232,201903
20190107,20190107,73,164030073,121224356,23448,N,1,233,201903
20190107,20190107,73,164030073,121642381,23446,N,10,234,201903
20190107,20190107,73,164030073,122303359,23444,N,20,235,201903
20190107,20190107,73,164030073,122749616,23460,N,1,236,201903
20190107,20190107,73,164030073,133903619,23462,N,5,237,201903
20190107,20190107,73,164030073,134026539,23462,N,2,238,201903
20190107,20190107,73,164030073,134635290,23467,N,1,239,201903
20190107,20190107,73,164030073,135023553,23470,N,11,240,201903
20190107,20190107,73,164030073,135052159,23470,N,9,241,201903
20190107,20190107,73,164030073,140203433,23450,N,1,242,201903
20190107,20190107,73,164030073,140411568,23451,N,21,243,201903
20190107,20190107,73,164030073,140411568,23450,N,20,244,201903
20190107,20190107,73,164030073,140411568,23449,N,10,245,201903
20190107,20190107,73,164030073,140411568,23448,N,10,246,201903
20190107,20190107,73,164030073,140411568,23437,N,1,247,201903
20190107,20190107,73,164030073,140411568,23426,N,10,248,201903
20190107,20190107,73,164030073,140411568,23416,N,10,249,201903
20190107,20190107,73,164030073,140411568,23406,N,11,250,201903
20190107,20190107,73,164030073,140411568,23360,N,10,251,201903
20190107,20190107,73,164030073,140411568,23310,N,1,252,201903
20190107,20190107,73,164030073,140411568,23300,N,1,253,201903
20190107,20190107,73,164030073,143012166,23457,N,1,254,201903
20190107,20190107,73,164030073,143845087,23445,N,1,255,201903
20190107,20190107,73,164030073,144128206,23449,N,1,256,201903
20190107,20190107,73,164030073,144144988,23446,N,20,257,201903
20190107,20190107,73,164030073,144655729,23441,N,20,258,201903
20190107,20190107,73,164030073,144655729,23439,N,10,259,201903
20190107,20190107,73,164030073,144655729,23438,N,1,260,201903
20190107,20190107,73,164030073,144707968,23436,N,15,261,201903
20190107,20190107,73,164030073,145700810,23413,N,1,262,201903
20190107,20190107,73,164030073,150453101,23405,N,10,263,201903
20190107,20190107,73,164030073,150719153,23403,N,1,264,201903
20190107,20190107,73,164030073,150723275,23405,N,1,265,201903
20190107,20190107,73,164030073,150911975,23411,E,1,266,201903
20190107,20190104,73,164060073,235504005,23000,O,1,267,201906
20190107,20190104,73,164060073,030645004,23387,E,1,268,201906
20190107,20190107,73,164060073,140435018,23305,O,1,269,201906
20190108,20190107,73,164030073,163438037,23450,O,1,1,201903
20190108,20190107,73,164030073,163438491,23450,N,1,2,201903
20190108,20190107,73,164030073,165943839,23454,N,10,3,201903
20190108,20190107,73,164030073,171640322,23413,N,1,4,201903
20190108,20190107,73,164030073,174903672,23390,N,1,5,201903
20190108,20190107,73,164030073,175956557,23376,N,1,6,201903
20190108,20190107,73,164030073,180229449,23398,N,2,7,201903
20190108,20190107,73,164030073,180747181,23385,N,1,8,201903
20190108,20190107,73,164030073,181310503,23384,N,1,9,201903
20190108,20190107,73,164030073,181602123,23385,N,1,10,201903
20190108,20190107,73,164030073,181638484,23380,N,1,11,201903
20190108,20190107,73,164030073,182845504,23361,N,1,12,201903
20190108,20190107,73,164030073,183530936,23340,N,10,13,201903
20190108,20190107,73,164030073,183615972,23341,N,2,14,201903
20190108,20190107,73,164030073,184112850,23341,N,1,15,201903
20190108,20190107,73,164030073,184614634,23320,N,2,16,201903
20190108,20190107,73,164030073,185344820,23320,N,1,17,201903
20190108,20190107,73,164030073,190006139,23326,N,1,18,201903
20190108,20190107,73,164030073,194013667,23346,N,1,19,201903
20190108,20190107,73,164030073,194050724,23348,N,1,20,201903
20190108,20190107,73,164030073,194513491,23343,N,1,21,201903
20190108,20190107,73,164030073,194911698,23358,N,1,22,201903
20190108,20190107,73,164030073,194911699,23377,N,1,23,201903
20190108,20190107,73,164030073,200243709,23353,N,1,24,201903
20190108,20190107,73,164030073,200250371,23352,N,1,25,201903
20190108,20190107,73,164030073,201016919,23334,N,5,26,201903
20190108,20190107,73,164030073,202152207,23314,N,5,27,201903
20190108,20190107,73,164030073,202224234,23317,N,5,28,201903
20190108,20190107,73,164030073,203314304,23311,N,1,29,201903
20190108,20190107,73,164030073,204521595,23330,N,1,30,201903
20190108,20190107,73,164030073,210446441,23340,N,1,31,201903
20190108,20190107,73,164030073,212742986,23376,N,10,32,201903
20190108,20190107,73,164030073,212826007,23374,N,10,33,201903
20190108,20190107,73,164030073,212959482,23381,N,10,34,201903
20190108,20190107,73,164030073,213409857,23381,N,10,35,201903
20190108,20190107,73,164030073,215454519,23374,N,1,36,201903
20190108,20190107,73,164030073,215901196,23390,N,1,37,201903
20190108,20190107,73,164030073,215907846,23397,N,11,38,201903
20190108,20190107,73,164030073,220026531,23404,N,10,39,201903
20190108,20190107,73,164030073,220026531,23405,N,1,40,201903
20190108,20190107,73,164030073,220029071,23405,N,9,41,201903
20190108,20190107,73,164030073,220946551,23402,N,2,42,201903
20190108,20190107,73,164030073,220946554,23402,N,1,43,201903
20190108,20190107,73,164030073,220956770,23402,N,7,44,201903
20190108,20190107,73,164030073,222223479,23391,N,1,45,201903
20190108,20190107,73,164030073,222532552,23394,N,5,46,201903
20190108,20190107,73,164030073,222613492,23398,N,5,47,201903
20190108,20190107,73,164030073,222645596,23395,N,5,48,201903
20190108,20190107,73,164030073,223507896,23381,N,1,49,201903
20190108,20190107,73,164030073,230058399,23372,N,2,50,201903
20190108,20190107,73,164030073,230318329,23393,N,1,51,201903
20190108,20190107,73,164030073,233512636,23350,N,1,52,201903
20190108,20190107,73,164030073,233603141,23300,N,1,53,201903
20190108,20190107,73,164030073,234252059,23351,N,21,54,201903
20190108,20190107,73,164030073,234252059,23354,N,11,55,201903
20190108,20190107,73,164030073,234252059,23355,N,10,56,201903
20190108,20190107,73,164030073,234252059,23366,N,1,57,201903
20190108,20190107,73,164030073,234252295,23366,N,22,58,201903
20190108,20190107,73,164030073,234252795,23366,N,10,59,201903
20190108,20190107,73,164030073,234252825,23366,N,11,60,201903
20190108,20190107,73,164030073,234253014,23366,N,10,61,201903
20190108,20190107,73,164030073,234253061,23366,N,4,62,201903
20190108,20190107,73,164030073,234258710,23355,N,10,63,201903
20190108,20190107,73,164030073,234258807,23354,N,11,64,201903
20190108,20190107,73,164030073,234949104,23322,N,22,65,201903
20190108,20190107,73,164030073,234950377,23322,N,22,66,201903
20190108,20190107,73,164030073,234951068,23322,N,22,67,201903
20190108,20190107,73,164030073,234951728,23322,N,11,68,201903
20190108,20190107,73,164030073,234951843,23322,N,22,69,201903
20190108,20190107,73,164030073,234955890,23322,N,1,70,201903
20190108,20190107,73,164030073,234956944,23320,N,1,71,201903
20190108,20190107,73,164030073,235035260,23300,N,1,72,201903
20190108,20190107,73,164030073,000441023,23394,N,2,73,201903
20190108,20190107,73,164030073,000509765,23396,N,1,74,201903
20190108,20190107,73,164030073,000526439,23387,N,1,75,201903
20190108,20190107,73,164030073,001312363,23292,N,1,76,201903
20190108,20190107,73,164030073,001331997,23297,N,1,77,201903
20190108,20190107,73,164030073,003021435,23357,N,1,78,201903
20190108,20190107,73,164030073,004243774,23442,N,10,79,201903
20190108,20190107,73,164030073,004243775,23447,N,1,80,201903
20190108,20190107,73,164030073,004321719,23465,N,10,81,201903
20190108,20190107,73,164030073,004408847,23471,N,1,82,201903
20190108,20190107,73,164030073,004414821,23471,N,9,83,201903
20190108,20190107,73,164030073,004414942,23470,N,6,84,201903
20190108,20190107,73,164030073,004414943,23470,N,5,85,201903
20190108,20190107,73,164030073,004426274,23471,N,1,86,201903
20190108,20190107,73,164030073,004435231,23472,N,1,87,201903
20190108,20190107,73,164030073,004757655,23485,N,1,88,201903
20190108,20190107,73,164030073,004858252,23467,N,1,89,201903
20190108,20190107,73,164030073,004914571,23461,N,1,90,201903
20190108,20190107,73,164030073,004923178,23467,N,1,91,201903
20190108,20190107,73,164030073,004923332,23452,N,1,92,201903
20190108,20190107,73,164030073,005051779,23469,N,1,93,201903
20190108,20190107,73,164030073,005303381,23489,N,10,94,201903
20190108,20190107,73,164030073,005303381,23490,N,11,95,201903
20190108,20190107,73,164030073,005733804,23451,N,10,96,201903
20190108,20190107,73,164030073,010056150,23450,N,1,97,201903
20190108,20190107,73,164030073,010757498,23422,N,1,98,201903
20190108,20190107,73,164030073,011156464,23460,N,10,99,201903
20190108,20190107,73,164030073,011157163,23461,N,2,100,201903
20190108,20190107,73,164030073,013550829,23495,N,1,101,201903
20190108,20190107,73,164030073,013550862,23500,N,1,102,201903
20190108,20190107,73,164030073,014019309,23511,N,21,103,201903
20190108,20190107,73,164030073,014624196,23544,N,1,104,201903
20190108,20190107,73,164030073,015300232,23550,N,2,105,201903
20190108,20190107,73,164030073,015952699,23572,N,11,106,201903
20190108,20190107,73,164030073,015952699,23571,N,1,107,201903
20190108,20190107,73,164030073,020007770,23575,N,1,108,201903
20190108,20190107,73,164030073,021029395,23536,N,1,109,201903
20190108,20190107,73,164030073,022256754,23552,N,1,110,201903
20190108,20190107,73,164030073,022319927,23561,N,1,111,201903
20190108,20190107,73,164030073,022647353,23561,N,10,112,201903
20190108,20190107,73,164030073,024002692,23588,N,1,113,201903
20190108,20190107,73,164030073,024117502,23576,N,1,114,201903
20190108,20190107,73,164030073,024246788,23570,N,1,115,201903
20190108,20190107,73,164030073,024918084,23575,N,1,116,201903
20190108,20190107,73,164030073,025258605,23569,N,1,117,201903
20190108,20190107,73,164030073,025619090,23595,N,1,118,201903
20190108,20190107,73,164030073,025619889,23600,N,2,119,201903
20190108,20190107,73,164030073,025619890,23609,N,2,120,201903
20190108,20190107,73,164030073,030226092,23610,N,22,121,201903
20190108,20190107,73,164030073,030226093,23610,N,2,122,201903
20190108,20190107,73,164030073,030237063,23610,N,22,123,201903
20190108,20190107,73,164030073,030313834,23610,N,22,124,201903
20190108,20190107,73,164030073,030314195,23610,N,18,125,201903
20190108,20190107,73,164030073,035739690,23540,N,1,126,201903
20190108,20190107,73,164030073,040611359,23542,N,1,127,201903
20190108,20190107,73,164030073,040852514,23505,N,1,128,201903
20190108,20190107,73,164030073,041532132,23519,N,10,129,201903
20190108,20190107,73,164030073,041532134,23518,N,20,130,201903
20190108,20190107,73,164030073,042452117,23538,N,11,131,201903
20190108,20190107,73,164030073,042644943,23524,N,1,132,201903
20190108,20190107,73,164030073,044539272,23481,N,1,133,201903
20190108,20190107,73,164030073,051354113,23500,E,1,134,201903
20190108,20190108,73,164030073,084501051,23520,O,2,135,201903
20190108,20190108,73,164030073,084718199,23505,N,2,136,201903
20190108,20190108,73,164030073,085234590,23500,N,1,137,201903
20190108,20190108,73,164030073,085241022,23495,N,1,138,201903
20190108,20190108,73,164030073,085252892,23499,N,1,139,201903
20190108,20190108,73,164030073,090237976,23502,N,1,140,201903
20190108,20190108,73,164030073,091015076,23523,N,1,141,201903
20190108,20190108,73,164030073,093923403,23542,N,11,142,201903
20190108,20190108,73,164030073,093928951,23543,N,1,143,201903
20190108,20190108,73,164030073,093934112,23543,N,1,144,201903
20190108,20190108,73,164030073,095130956,23555,N,2,145,201903
20190108,20190108,73,164030073,095439696,23553,N,1,146,201903
20190108,20190108,73,164030073,095707853,23558,N,10,147,201903
20190108,20190108,73,164030073,102108107,23543,N,10,148,201903
20190108,20190108,73,164030073,103048557,23534,N,10,149,201903
20190108,20190108,73,164030073,104250129,23528,N,1,150,201903
20190108,20190108,73,164030073,105000195,23528,N,10,151,201903
20190108,20190108,73,164030073,110648797,23546,N,1,152,201903
20190108,20190108,73,164030073,114325370,23581,N,1,153,201903
20190108,20190108,73,164030073,120339981,23569,N,1,154,201903
20190108,20190108,73,164030073,121629869,23578,N,1,155,201903
20190108,20190108,73,164030073,122658305,23585,N,2,156,201903
20190108,20190108,73,164030073,122658305,23588,N,1,157,201903
20190108,20190108,73,164030073,131348338,23570,N,1,158,201903
20190108,20190108,73,164030073,135834502,23600,N,1,159,201903
20190108,20190108,73,164030073,140619949,23590,N,5,160,201903
20190108,20190108,73,164030073,141540945,23594,N,1,161,201903
20190108,20190108,73,164030073,143551637,23550,N,1,162,201903
20190108,20190108,73,164030073,143623914,23545,N,1,163,201903
20190108,20190108,73,164030073,144356312,23533,N,1,164,201903
20190108,20190108,73,164030073,144651647,23520,N,1,165,201903
20190108,20190108,73,164030073,145209303,23520,N,1,166,201903
20190108,20190108,73,164030073,150003974,23518,E,1,167,201903
20190109,20190108,73,164030073,163559366,23537,O,10,1,201903
20190109,20190108,73,164030073,171004672,23568,N,10,2,201903
20190109,20190108,73,164030073,171516694,23557,N,5,3,201903
20190109,20190108,73,164030073,171757810,23577,N,5,4,201903
20190109,20190108,73,164030073,172111086,23577,N,5,5,201903
20190109,20190108,73,164030073,172239310,23573,N,19,6,201903
20190109,20190108,73,164030073,172244848,23577,N,5,7,201903
20190109,20190108,73,164030073,173037473,23593,N,2,8,201903
20190109,20190108,73,164030073,174203325,23595,N,1,9,201903
20190109,20190108,73,164030073,174444706,23596,N,2,10,201903
20190109,20190108,73,164030073,175602058,23595,N,1,11,201903
20190109,20190108,73,164030073,180005067,23620,N,1,12,201903
20190109,20190108,73,164030073,181041641,23624,N,1,13,201903
20190109,20190108,73,164030073,181204034,23620,N,1,14,201903
20190109,20190108,73,164030073,182002014,23638,N,2,15,201903
20190109,20190108,73,164030073,183000168,23620,N,2,16,201903
20190109,20190108,73,164030073,183117039,23617,N,1,17,201903
20190109,20190108,73,164030073,184754887,23592,N,10,18,201903
20190109,20190108,73,164030073,184827503,23592,N,5,19,201903
20190109,20190108,73,164030073,191633916,23585,N,2,20,201903
20190109,20190108,73,164030073,193034340,23583,N,1,21,201903
20190109,20190108,73,164030073,200123652,23638,N,10,22,201903
20190109,20190108,73,164030073,200123653,23637,N,9,23,201903
20190109,20190108,73,164030073,205229689,23667,N,10,24,201903
20190109,20190108,73,164030073,205229698,23678,N,1,25,201903
20190109,20190108,73,164030073,210333066,23686,N,1,26,201903
20190109,20190108,73,164030073,210333067,23689,N,2,27,201903
20190109,20190108,73,164030073,210502434,23685,N,1,28,201903
20190109,20190108,73,164030073,210941208,23669,N,1,29,201903
20190109,20190108,73,164030073,211609059,23667,N,6,30,201903
20190109,20190108,73,164030073,214323587,23652,N,1,31,201903
20190109,20190108,73,164030073,215319817,23645,N,2,32,201903
20190109,20190108,73,164030073,215618096,23667,N,10,33,201903
20190109,20190108,73,164030073,220337437,23667,N,1,34,201903
20190109,20190108,73,164030073,221613987,23695,N,1,35,201903
20190109,20190108,73,164030073,222337432,23691,N,19,36,201903
20190109,20190108,73,164030073,222358523,23691,N,10,37,201903
20190109,20190108,73,164030073,224319210,23700,N,4,38,201903
20190109,20190108,73,164030073,224319210,23710,N,1,39,201903
20190109,20190108,73,164030073,231730108,23723,N,1,40,201903
20190109,20190108,73,164030073,233243944,23755,N,1,41,201903
20190109,20190108,73,164030073,233345021,23760,N,1,42,201903
20190109,20190108,73,164030073,233345590,23760,N,1,43,201903
20190109,20190108,73,164030073,233535160,23758,N,1,44,201903
20190109,20190108,73,164030073,233746020,23750,N,1,45,201903
20190109,20190108,73,164030073,234153378,23777,N,1,46,201903
20190109,20190108,73,164030073,234239515,23777,N,1,47,201903
20190109,20190108,73,164030073,234255346,23796,N,10,48,201903
20190109,20190108,73,164030073,234311767,23800,N,2,49,201903
20190109,20190108,73,164030073,234312585,23798,N,1,50,201903
20190109,20190108,73,164030073,234428370,23809,N,1,51,201903
20190109,20190108,73,164030073,234724867,23770,N,1,52,201903
20190109,20190108,73,164030073,235051438,23735,N,1,53,201903
20190109,20190108,73,164030073,235547042,23726,N,21,54,201903
20190109,20190108,73,164030073,235636298,23696,N,1,55,201903
20190109,20190108,73,164030073,235905931,23705,N,1,56,201903
20190109,20190108,73,164030073,000010714,23707,N,1,57,201903
20190109,20190108,73,164030073,000019818,23720,N,1,58,201903
20190109,20190108,73,164030073,000514002,23750,N,1,59,201903
20190109,20190108,73,164030073,000544852,23738,N,1,60,201903
20190109,20190108,73,164030073,000937897,23725,N,1,61,201903
20190109,20190108,73,164030073,001146674,23715,N,5,62,201903
20190109,20190108,73,164030073,001316920,23685,N,1,63,201903
20190109,20190108,73,164030073,001317227,23680,N,2,64,201903
20190109,20190108,73,164030073,001426996,23644,N,1,65,201903
20190109,20190108,73,164030073,001426997,23641,N,1,66,201903
20190109,20190108,73,164030073,001634516,23638,N,1,67,201903
20190109,20190108,73,164030073,001842817,23622,N,1,68,201903
20190109,20190108,73,164030073,001909938,23608,N,11,69,201903
20190109,20190108,73,164030073,001909938,23609,N,3,70,201903
20190109,20190108,73,164030073,001930554,23600,N,11,71,201903
20190109,20190108,73,164030073,001930556,23587,N,1,72,201903
20190109,20190108,73,164030073,001947208,23601,N,4,73,201903
20190109,20190108,73,164030073,002245122,23629,N,10,74,201903
20190109,20190108,73,164030073,002810357,23621,N,3,75,201903
20190109,20190108,73,164030073,003023217,23634,N,1,76,201903
20190109,20190108,73,164030073,003230997,23590,N,1,77,201903
20190109,20190108,73,164030073,003314219,23586,N,1,78,201903
20190109,20190108,73,164030073,003420672,23581,N,2,79,201903
20190109,20190108,73,164030073,003858313,23612,N,1,80,201903
20190109,20190108,73,164030073,004458307,23585,N,10,81,201903
20190109,20190108,73,164030073,004530027,23580,N,1,82,201903
20190109,20190108,73,164030073,004717869,23573,N,10,83,201903
20190109,20190108,73,164030073,005111055,23555,N,1,84,201903
20190109,20190108,73,164030073,005402956,23532,N,1,85,201903
20190109,20190108,73,164030073,005855625,23560,N,1,86,201903
20190109,20190108,73,164030073,010508679,23622,N,1,87,201903
20190109,20190108,73,164030073,011635588,23615,N,10,88,201903
20190109,20190108,73,164030073,012438288,23620,N,1,89,201903
20190109,20190108,73,164030073,012510276,23624,N,1,90,201903
20190109,20190108,73,164030073,013002568,23600,N,1,91,201903
20190109,20190108,73,164030073,013010208,23572,N,1,92,201903
20190109,20190108,73,164030073,013146746,23573,N,1,93,201903
20190109,20190108,73,164030073,013336214,23563,N,1,94,201903
20190109,20190108,73,164030073,021251716,23614,N,1,95,201903
20190109,20190108,73,164030073,021817291,23662,N,1,96,201903
20190109,20190108,73,164030073,021817292,23673,N,1,97,201903
20190109,20190108,73,164030073,022851016,23701,N,1,98,201903
20190109,20190108,73,164030073,023920586,23640,N,1,99,201903
20190109,20190108,73,164030073,024834127,23627,N,10,100,201903
20190109,20190108,73,164030073,024846190,23612,N,1,101,201903
20190109,20190108,73,164030073,032242981,23662,N,1,102,201903
20190109,20190108,73,164030073,035217977,23710,N,1,103,201903
20190109,20190108,73,164030073,035416263,23740,N,1,104,201903
20190109,20190108,73,164030073,043354038,23725,N,5,105,201903
20190109,20190108,73,164030073,044929371,23743,E,1,106,201903
20190109,20190109,73,164030073,085003211,23720,O,10,107,201903
20190109,20190109,73,164030073,085003425,23720,N,10,108,201903
20190109,20190109,73,164030073,085003635,23720,N,10,109,201903
20190109,20190109,73,164030073,085010419,23720,N,1,110,201903
20190109,20190109,73,164030073,085011134,23720,N,1,111,201903
20190109,20190109,73,164030073,085012301,23720,N,1,112,201903
20190109,20190109,73,164030073,085013453,23720,N,1,113,201903
20190109,20190109,73,164030073,085048280,23720,N,22,114,201903
20190109,20190109,73,164030073,085113297,23720,N,19,115,201903
20190109,20190109,73,164030073,085243255,23720,N,11,116,201903
20190109,20190109,73,164030073,085326901,23728,N,1,117,201903
20190109,20190109,73,164030073,085326901,23734,N,10,118,201903
20190109,20190109,73,164030073,085512010,23734,N,1,119,201903
20190109,20190109,73,164030073,085512160,23736,N,2,120,201903
20190109,20190109,73,164030073,085643967,23743,N,2,121,201903
20190109,20190109,73,164030073,085651668,23754,N,1,122,201903
20190109,20190109,73,164030073,085939057,23777,N,1,123,201903
20190109,20190109,73,164030073,090012444,23789,N,1,124,201903
20190109,20190109,73,164030073,090422292,23753,N,1,125,201903
20190109,20190109,73,164030073,090603579,23761,N,5,126,201903
20190109,20190109,73,164030073,091935364,23779,N,1,127,201903
20190109,20190109,73,164030073,092054675,23777,N,10,128,201903
20190109,20190109,73,164030073,092207957,23771,N,1,129,201903
20190109,20190109,73,164030073,093828421,23765,N,1,130,201903
20190109,20190109,73,164030073,094605415,23771,N,1,131,201903
20190109,20190109,73,164030073,094708819,23775,N,3,132,201903
20190109,20190109,73,164030073,100908463,23766,N,1,133,201903
20190109,20190109,73,164030073,101811487,23798,N,1,134,201903
20190109,20190109,73,164030073,101922413,23800,N,2,135,201903
20190109,20190109,73,164030073,101922482,23800,N,4,136,201903
20190109,20190109,73,164030073,101922592,23810,N,1,137,201903
20190109,20190109,73,164030073,101922748,23820,N,1,138,201903
20190109,20190109,73,164030073,101922825,23820,N,4,139,201903
20190109,20190109,73,164030073,102726243,23803,N,1,140,201903
20190109,20190109,73,164030073,103637698,23803,N,10,141,201903
20190109,20190109,73,164030073,104507333,23816,N,1,142,201903
20190109,20190109,73,164030073,113815537,23840,N,1,143,201903
20190109,20190109,73,164030073,113815538,23846,N,1,144,201903
20190109,20190109,73,164030073,114802282,23837,N,2,145,201903
20190109,20190109,73,164030073,114955856,23837,N,2,146,201903
20190109,20190109,73,164030073,120210789,23822,N,2,147,201903
20190109,20190109,73,164030073,120828420,23830,N,2,148,201903
20190109,20190109,73,164030073,121019923,23835,N,1,149,201903
20190109,20190109,73,164030073,123621164,23822,N,1,150,201903
20190109,20190109,73,164030073,134403803,23832,N,1,151,201903
20190109,20190109,73,164030073,134652662,23821,N,6,152,201903
20190109,20190109,73,164030073,135023379,23816,N,10,153,201903
20190109,20190109,73,164030073,135325607,23821,N,1,154,201903
20190109,20190109,73,164030073,142037236,23820,N,11,155,201903
20190109,20190109,73,164030073,142043125,23821,N,4,156,201903
20190109,20190109,73,164030073,142413740,23825,N,1,157,201903
20190109,20190109,73,164030073,143110283,23826,N,1,158,201903
20190109,20190109,73,164030073,143620169,23826,N,1,159,201903
20190109,20190109,73,164030073,143631553,23830,N,1,160,201903
20190109,20190109,73,164030073,145349827,23816,N,2,161,201903
20190109,20190109,73,164030073,151501008,23802,E,1,162,201903
20190109,20190109,73,164060073,084501051,23578,O,4,163,201906
20190110,20190109,73,164030073,163952792,23779,O,1,1,201903
20190110,20190109,73,164030073,163952793,23779,N,2,2,201903
20190110,20190109,73,164030073,164602247,23766,N,1,3,201903
20190110,20190109,73,164030073,170332647,23761,N,5,4,201903
20190110,20190109,73,164030073,170551559,23753,N,1,5,201903
20190110,20190109,73,164030073,172025348,23760,N,6,6,201903
20190110,20190109,73,164030073,174036248,23781,N,1,7,201903
20190110,20190109,73,164030073,175044126,23792,N,1,8,201903
20190110,20190109,73,164030073,175235490,23807,N,18,9,201903
20190110,20190109,73,164030073,181157815,23797,N,1,10,201903
20190110,20190109,73,164030073,182146737,23807,N,1,11,201903
20190110,20190109,73,164030073,191819847,23809,N,1,12,201903
20190110,20190109,73,164030073,194446381,23781,N,10,13,201903
20190110,20190109,73,164030073,194446382,23779,N,10,14,201903
20190110,20190109,73,164030073,200016339,23782,N,1,15,201903
20190110,20190109,73,164030073,200235413,23797,N,1,16,201903
20190110,20190109,73,164030073,200409924,23797,N,1,17,201903
20190110,20190109,73,164030073,200520164,23796,N,1,18,201903
20190110,20190109,73,164030073,202850569,23787,N,20,19,201903
20190110,20190109,73,164030073,204047513,23769,N,1,20,201903
20190110,20190109,73,164030073,204151283,23775,N,1,21,201903
20190110,20190109,73,164030073,204543155,23778,N,1,22,201903
20190110,20190109,73,164030073,204918950,23776,N,1,23,201903
20190110,20190109,73,164030073,205319116,23776,N,1,24,201903
20190110,20190109,73,164030073,211223930,23758,N,20,25,201903
20190110,20190109,73,164030073,211636001,23769,N,10,26,201903
20190110,20190109,73,164030073,212151240,23770,N,10,27,201903
20190110,20190109,73,164030073,212307518,23769,N,2,28,201903
20190110,20190109,73,164030073,213154442,23768,N,10,29,201903
20190110,20190109,73,164030073,213247397,23763,N,10,30,201903
20190110,20190109,73,164030073,213720870,23758,N,10,31,201903
20190110,20190109,73,164030073,213732512,23758,N,12,32,201903
20190110,20190109,73,164030073,213732523,23758,N,9,33,201903
20190110,20190109,73,164030073,214359908,23782,N,20,34,201903
20190110,20190109,73,164030073,214544589,23800,N,1,35,201903
20190110,20190109,73,164030073,215718413,23802,N,1,36,201903
20190110,20190109,73,164030073,220249320,23820,N,2,37,201903
20190110,20190109,73,164030073,220249321,23820,N,6,38,201903
20190110,20190109,73,164030073,220321621,23819,N,1,39,201903
20190110,20190109,73,164030073,220348532,23813,N,10,40,201903
20190110,20190109,73,164030073,220524361,23815,N,1,41,201903
20190110,20190109,73,164030073,221129072,23830,N,1,42,201903
20190110,20190109,73,164030073,221922471,23825,N,1,43,201903
20190110,20190109,73,164030073,222046780,23829,N,1,44,201903
20190110,20190109,73,164030073,222515418,23830,N,5,45,201903
20190110,20190109,73,164030073,223014802,23824,N,1,46,201903
20190110,20190109,73,164030073,225306911,23844,N,1,47,201903
20190110,20190109,73,164030073,225827259,23841,N,2,48,201903
20190110,20190109,73,164030073,225827262,23841,N,2,49,201903
20190110,20190109,73,164030073,230012007,23841,N,1,50,201903
20190110,20190109,73,164030073,230016426,23845,N,1,51,201903
20190110,20190109,73,164030073,233000581,23848,N,3,52,201903
20190110,20190109,73,164030073,233000584,23849,N,10,53,201903
20190110,20190109,73,164030073,233000596,23850,N,1,54,201903
20190110,20190109,73,164030073,233251510,23834,N,1,55,201903
20190110,20190109,73,164030073,233401163,23851,N,1,56,201903
20190110,20190109,73,164030073,233540626,23852,N,5,57,201903
20190110,20190109,73,164030073,233610612,23860,N,5,58,201903
20190110,20190109,73,164030073,233645803,23865,N,1,59,201903
20190110,20190109,73,164030073,233710154,23880,N,1,60,201903
20190110,20190109,73,164030073,233710155,23889,N,1,61,201903
20190110,20190109,73,164030073,233712601,23881,N,1,62,201903
20190110,20190109,73,164030073,233933355,23880,N,10,63,201903
20190110,20190109,73,164030073,233933367,23877,N,10,64,201903
20190110,20190109,73,164030073,234202801,23846,N,1,65,201903
20190110,20190109,73,164030073,234233363,23841,N,1,66,201903
20190110,20190109,73,164030073,234346909,23866,N,10,67,201903
20190110,20190109,73,164030073,234400884,23868,N,9,68,201903
20190110,20190109,73,164030073,234632677,23837,N,10,69,201903
20190110,20190109,73,164030073,234652876,23818,N,10,70,201903
20190110,20190109,73,164030073,234726770,23820,N,9,71,201903
20190110,20190109,73,164030073,234929801,23824,N,1,72,201903
20190110,20190109,73,164030073,234951113,23830,N,1,73,201903
20190110,20190109,73,164030073,235004837,23830,N,1,74,201903
20190110,20190109,73,164030073,235028903,23840,N,1,75,201903
20190110,20190109,73,164030073,235039154,23855,N,1,76,201903
20190110,20190109,73,164030073,235316886,23895,N,1,77,201903
20190110,20190109,73,164030073,235333237,23902,N,1,78,201903
20190110,20190109,73,164030073,235339453,23901,N,1,79,201903
20190110,20190109,73,164030073,235408790,23910,N,8,80,201903
20190110,20190109,73,164030073,235410090,23910,N,2,81,201903
20190110,20190109,73,164030073,235411743,23913,N,1,82,201903
20190110,20190109,73,164030073,235541942,23903,N,3,83,201903
20190110,20190109,73,164030073,000030978,23919,N,1,84,201903
20190110,20190109,73,164030073,000038718,23920,N,1,85,201903
20190110,20190109,73,164030073,000154336,23913,N,1,86,201903
20190110,20190109,73,164030073,000338490,23909,N,1,87,201903
20190110,20190109,73,164030073,000433701,23892,N,1,88,201903
20190110,20190109,73,164030073,000451740,23903,N,1,89,201903
20190110,20190109,73,164030073,000554071,23900,N,6,90,201903
20190110,20190109,73,164030073,000656033,23859,N,10,91,201903
20190110,20190109,73,164030073,000657645,23853,N,1,92,201903
20190110,20190109,73,164030073,000704805,23871,N,22,93,201903
20190110,20190109,73,164030073,000704811,23869,N,10,94,201903
20190110,20190109,73,164030073,000824085,23863,N,1,95,201903
20190110,20190109,73,164030073,001011502,23891,N,1,96,201903
20190110,20190109,73,164030073,001026434,23891,N,1,97,201903
20190110,20190109,73,164030073,001726067,23865,N,1,98,201903
20190110,20190109,73,164030073,001936785,23862,N,3,99,201903
20190110,20190109,73,164030073,002341914,23870,N,1,100,201903
20190110,20190109,73,164030073,002930622,23850,N,1,101,201903
20190110,20190109,73,164030073,002930623,23841,N,3,102,201903
20190110,20190109,73,164030073,003046944,23815,N,10,103,201903
20190110,20190109,73,164030073,003223689,23800,N,1,104,201903
20190110,20190109,73,164030073,003240829,23792,N,6,105,201903
20190110,20190109,73,164030073,003251427,23793,N,3,106,201903
20190110,20190109,73,164030073,003309338,23786,N,1,107,201903
20190110,20190109,73,164030073,003525383,23783,N,1,108,201903
20190110,20190109,73,164030073,003525384,23782,N,2,109,201903
20190110,20190109,73,164030073,003840110,23806,N,1,110,201903
20190110,20190109,73,164030073,003855247,23803,N,1,111,201903
20190110,20190109,73,164030073,003927844,23802,N,1,112,201903
20190110,20190109,73,164030073,004203106,23790,N,6,113,201903
20190110,20190109,73,164030073,004337863,23750,N,1,114,201903
20190110,20190109,73,164030073,004339090,23741,N,1,115,201903
20190110,20190109,73,164030073,004353742,23751,N,1,116,201903
20190110,20190109,73,164030073,004410347,23741,N,6,117,201903
20190110,20190109,73,164030073,004519198,23735,N,1,118,201903
20190110,20190109,73,164030073,004624818,23725,N,1,119,201903
20190110,20190109,73,164030073,004626859,23722,N,1,120,201903
20190110,20190109,73,164030073,004735193,23743,N,6,121,201903
20190110,20190109,73,164030073,004816868,23764,N,1,122,201903
20190110,20190109,73,164030073,005337556,23784,N,1,123,201903
20190110,20190109,73,164030073,005352917,23792,N,10,124,201903
20190110,20190109,73,164030073,005618627,23803,N,6,125,201903
20190110,20190109,73,164030073,005805903,23782,N,1,126,201903
20190110,20190109,73,164030073,005853066,23780,N,1,127,201903
20190110,20190109,73,164030073,010050666,23786,N,3,128,201903
20190110,20190109,73,164030073,010106653,23800,N,1,129,201903
20190110,20190109,73,164030073,010123461,23810,N,1,130,201903
20190110,20190109,73,164030073,010157341,23818,N,1,131,201903
20190110,20190109,73,164030073,010225266,23840,N,10,132,201903
20190110,20190109,73,164030073,010225272,23843,N,10,133,201903
20190110,20190109,73,164030073,010320258,23837,N,5,134,201903
20190110,20190109,73,164030073,010332781,23853,N,5,135,201903
20190110,20190109,73,164030073,010533498,23860,N,1,136,201903
20190110,20190109,73,164030073,010741993,23846,N,10,137,201903
20190110,20190109,73,164030073,010746855,23842,N,5,138,201903
20190110,20190109,73,164030073,012408318,23863,N,10,139,201903
20190110,20190109,73,164030073,012511265,23860,N,5,140,201903
20190110,20190109,73,164030073,012854939,23865,N,1,141,201903
20190110,20190109,73,164030073,013450583,23838,N,10,142,201903
20190110,20190109,73,164030073,014531459,23845,N,1,143,201903
20190110,20190109,73,164030073,014546124,23862,N,5,144,201903
20190110,20190109,73,164030073,014547344,23865,N,5,145,201903
20190110,20190109,73,164030073,015027049,23878,N,1,146,201903
20190110,20190109,73,164030073,015213117,23880,N,4,147,201903
20190110,20190109,73,164030073,015213123,23885,N,9,148,201903
20190110,20190109,73,164030073,015213243,23889,N,10,149,201903
20190110,20190109,73,164030073,021110649,23854,N,1,150,201903
20190110,20190109,73,164030073,024928562,23881,N,1,151,201903
20190110,20190109,73,164030073,025212173,23883,N,2,152,201903
20190110,20190109,73,164030073,025559816,23888,N,15,153,201903
20190110,20190109,73,164030073,030204749,23883,N,10,154,201903
20190110,20190109,73,164030073,032335990,23895,N,1,155,201903
20190110,20190109,73,164030073,032452064,23897,N,10,156,201903
20190110,20190109,73,164030073,040146358,23907,N,1,157,201903
20190110,20190109,73,164030073,040915778,23907,N,1,158,201903
20190110,20190109,73,164030073,040927851,23910,N,1,159,201903
20190110,20190109,73,164030073,040950206,23920,N,1,160,201903
20190110,20190109,73,164030073,040952969,23925,N,1,161,201903
20190110,20190109,73,164030073,041000585,23917,N,10,162,201903
20190110,20190109,73,164030073,041925156,23837,N,1,163,201903
20190110,20190109,73,164030073,041945960,23832,N,1,164,201903
20190110,20190109,73,164030073,042404198,23800,N,1,165,201903
20190110,20190109,73,164030073,042703037,23810,N,11,166,201903
20190110,20190109,73,164030073,043203930,23818,N,10,167,201903
20190110,20190109,73,164030073,045124171,23880,N,1,168,201903
20190110,20190109,73,164030073,045331195,23875,N,1,169,201903
20190110,20190109,73,164030073,045940345,23872,N,1,170,201903
20190110,20190109,73,164030073,050534627,23876,N,10,171,201903
20190110,20190109,73,164030073,053001020,23903,E,2,172,201903
20190110,20190110,73,164030073,084501050,23780,O,2,173,201903
20190110,20190110,73,164030073,084916481,23780,N,1,174,201903
20190110,20190110,73,164030073,085949084,23770,N,1,175,201903
20190110,20190110,73,164030073,090248916,23770,N,1,176,201903
20190110,20190110,73,164030073,090259588,23780,N,1,177,201903
20190110,20190110,73,164030073,091200164,23783,N,2,178,201903
20190110,20190110,73,164030073,091426253,23775,N,1,179,201903
20190110,20190110,73,164030073,092649722,23756,N,10,180,201903
20190110,20190110,73,164030073,092649722,23755,N,5,181,201903
20190110,20190110,73,164030073,093542402,23740,N,2,182,201903
20190110,20190110,73,164030073,093915724,23762,N,1,183,201903
20190110,20190110,73,164030073,094514846,23770,N,1,184,201903
20190110,20190110,73,164030073,100047532,23730,N,1,185,201903
20190110,20190110,73,164030073,100047532,23725,N,2,186,201903
20190110,20190110,73,164030073,100446426,23730,N,1,187,201903
20190110,20190110,73,164030073,100556617,23739,N,1,188,201903
20190110,20190110,73,164030073,100820327,23725,N,1,189,201903
20190110,20190110,73,164030073,101427649,23705,N,3,190,201903
20190110,20190110,73,164030073,101427650,23699,N,1,191,201903
20190110,20190110,73,164030073,101612586,23703,N,1,192,201903
20190110,20190110,73,164030073,102046162,23703,N,1,193,201903
20190110,20190110,73,164030073,102833706,23703,N,10,194,201903
20190110,20190110,73,164030073,103555889,23671,N,1,195,201903
20190110,20190110,73,164030073,103649299,23650,N,1,196,201903
20190110,20190110,73,164030073,103732219,23652,N,6,197,201903
20190110,20190110,73,164030073,103737352,23646,N,2,198,201903
20190110,20190110,73,164030073,103803241,23652,N,3,199,201903
20190110,20190110,73,164030073,104126631,23656,N,11,200,201903
20190110,20190110,73,164030073,104129684,23656,N,4,201,201903
20190110,20190110,73,164030073,104131457,23656,N,1,202,201903
20190110,20190110,73,164030073,104142948,23638,N,5,203,201903
20190110,20190110,73,164030073,104218466,23656,N,1,204,201903
20190110,20190110,73,164030073,104227089,23604,N,1,205,201903
20190110,20190110,73,164030073,105403516,23665,N,6,206,201903
20190110,20190110,73,164030073,105436705,23665,N,11,207,201903
20190110,20190110,73,164030073,105437706,23665,N,11,208,201903
20190110,20190110,73,164030073,105438708,23665,N,11,209,201903
20190110,20190110,73,164030073,105439710,23665,N,11,210,201903
20190110,20190110,73,164030073,105440711,23665,N,11,211,201903
20190110,20190110,73,164030073,105441712,23665,N,8,212,201903
20190110,20190110,73,164030073,105719160,23689,N,1,213,201903
20190110,20190110,73,164030073,111603087,23636,N,1,214,201903
20190110,20190110,73,164030073,111634556,23636,N,1,215,201903
20190110,20190110,73,164030073,111924683,23678,N,2,216,201903
20190110,20190110,73,164030073,112354999,23675,N,1,217,201903
20190110,20190110,73,164030073,112453187,23677,N,3,218,201903
20190110,20190110,73,164030073,115948882,23666,N,10,219,201903
20190110,20190110,73,164030073,120314299,23670,N,1,220,201903
20190110,20190110,73,164030073,120622388,23680,N,1,221,201903
20190110,20190110,73,164030073,120917091,23682,N,10,222,201903
20190110,20190110,73,164030073,120957636,23678,N,1,223,201903
20190110,20190110,73,164030073,122145850,23692,N,11,224,201903
20190110,20190110,73,164030073,122146852,23694,N,11,225,201903
20190110,20190110,73,164030073,122147854,23693,N,11,226,201903
20190110,20190110,73,164030073,122148857,23694,N,11,227,201903
20190110,20190110,73,164030073,122149859,23694,N,11,228,201903
20190110,20190110,73,164030073,122327295,23695,N,3,229,201903
20190110,20190110,73,164030073,122340724,23698,N,11,230,201903
20190110,20190110,73,164030073,122341726,23699,N,11,231,201903
20190110,20190110,73,164030073,122351824,23699,N,11,232,201903
20190110,20190110,73,164030073,122554666,23700,N,2,233,201903
20190110,20190110,73,164030073,125700205,23715,N,1,234,201903
20190110,20190110,73,164030073,130001720,23723,N,1,235,201903
20190110,20190110,73,164030073,130440130,23707,N,1,236,201903
20190110,20190110,73,164030073,130944377,23710,N,1,237,201903
20190110,20190110,73,164030073,131021852,23710,N,2,238,201903
20190110,20190110,73,164030073,131421612,23709,N,10,239,201903
20190110,20190110,73,164030073,133342875,23704,N,1,240,201903
20190110,20190110,73,164030073,134730751,23702,N,10,241,201903
20190110,20190110,73,164030073,135137392,23701,N,10,242,201903
20190110,20190110,73,164030073,135219072,23710,N,1,243,201903
20190110,20190110,73,164030073,140524779,23720,N,1,244,201903
20190110,20190110,73,164030073,141713998,23719,N,10,245,201903
20190110,20190110,73,164030073,141748441,23716,N,2,246,201903
20190110,20190110,73,164030073,142528013,23696,N,10,247,201903
20190110,20190110,73,164030073,142609330,23695,N,4,248,201903
20190110,20190110,73,164030073,142711897,23688,N,1,249,201903
20190110,20190110,73,164030073,143344552,23685,N,1,250,201903
20190110,20190110,73,164030073,143815524,23688,N,1,251,201903
20190110,20190110,73,164030073,144746417,23677,N,5,252,201903
20190110,20190110,73,164030073,145934671,23677,N,1,253,201903
20190110,20190110,73,164030073,145934675,23677,N,6,254,201903
20190110,20190110,73,164030073,150156628,23680,N,1,255,201903
20190110,20190110,73,164030073,150913806,23661,E,2,256,201903
20190111,20190110,73,164030073,163549578,23681,O,1,1,201903
20190111,20190110,73,164030073,163813041,23681,N,1,2,201903
20190111,20190110,73,164030073,164040299,23678,N,1,3,201903
20190111,20190110,73,164030073,164505901,23675,N,1,4,201903
20190111,20190110,73,164030073,165429453,23663,N,3,5,201903
20190111,20190110,73,164030073,165507683,23666,N,1,6,201903
20190111,20190110,73,164030073,165900881,23657,N,1,7,201903
20190111,20190110,73,164030073,170006821,23672,N,1,8,201903
20190111,20190110,73,164030073,171439510,23634,N,1,9,201903
20190111,20190110,73,164030073,171646580,23623,N,1,10,201903
20190111,20190110,73,164030073,172015890,23629,N,1,11,201903
20190111,20190110,73,164030073,172824410,23626,N,1,12,201903
20190111,20190110,73,164030073,172957413,23633,N,3,13,201903
20190111,20190110,73,164030073,174447076,23618,N,1,14,201903
20190111,20190110,73,164030073,174636915,23606,N,3,15,201903
20190111,20190110,73,164030073,175416044,23625,N,4,16,201903
20190111,20190110,73,164030073,180327547,23652,N,2,17,201903
20190111,20190110,73,164030073,180821671,23651,N,1,18,201903
20190111,20190110,73,164030073,182247383,23646,N,10,19,201903
20190111,20190110,73,164030073,182635465,23650,N,1,20,201903
20190111,20190110,73,164030073,182925009,23678,N,1,21,201903
20190111,20190110,73,164030073,183604640,23658,N,1,22,201903
20190111,20190110,73,164030073,184646908,23672,N,1,23,201903
20190111,20190110,73,164030073,190500260,23688,N,1,24,201903
20190111,20190110,73,164030073,190657459,23685,N,1,25,201903
20190111,20190110,73,164030073,191035304,23700,N,2,26,201903
20190111,20190110,73,164030073,191841647,23700,N,3,27,201903
20190111,20190110,73,164030073,191857880,23698,N,4,28,201903
20190111,20190110,73,164030073,193044473,23675,N,1,29,201903
20190111,20190110,73,164030073,194331422,23711,N,1,30,201903
20190111,20190110,73,164030073,194502748,23709,N,1,31,201903
20190111,20190110,73,164030073,194534564,23697,N,1,32,201903
20190111,20190110,73,164030073,194619699,23702,N,1,33,201903
20190111,20190110,73,164030073,194752288,23696,N,1,34,201903
20190111,20190110,73,164030073,194928731,23701,N,1,35,201903
20190111,20190110,73,164030073,195713906,23695,N,1,36,201903
20190111,20190110,73,164030073,195802586,23692,N,1,37,201903
20190111,20190110,73,164030073,195817979,23689,N,10,38,201903
20190111,20190110,73,164030073,195817984,23688,N,10,39,201903
20190111,20190110,73,164030073,195818110,23685,N,10,40,201903
20190111,20190110,73,164030073,195848011,23670,N,2,41,201903
20190111,20190110,73,164030073,204522492,23700,N,2,42,201903
20190111,20190110,73,164030073,211001575,23710,N,1,43,201903
20190111,20190110,73,164030073,212002415,23720,N,1,44,201903
20190111,20190110,73,164030073,212002421,23725,N,10,45,201903
20190111,20190110,73,164030073,212003927,23725,N,2,46,201903
20190111,20190110,73,164030073,213632216,23704,N,5,47,201903
20190111,20190110,73,164030073,214208339,23690,N,1,48,201903
20190111,20190110,73,164030073,214208340,23690,N,3,49,201903
20190111,20190110,73,164030073,214347638,23686,N,1,50,201903
20190111,20190110,73,164030073,215500897,23720,N,1,51,201903
20190111,20190110,73,164030073,220015147,23722,N,1,52,201903
20190111,20190110,73,164030073,220706889,23743,N,1,53,201903
20190111,20190110,73,164030073,221117777,23746,N,3,54,201903
20190111,20190110,73,164030073,222147953,23745,N,1,55,201903
20190111,20190110,73,164030073,223241500,23750,N,1,56,201903
20190111,20190110,73,164030073,223241501,23758,N,5,57,201903
20190111,20190110,73,164030073,223241502,23758,N,1,58,201903
20190111,20190110,73,164030073,223429982,23745,N,1,59,201903
20190111,20190110,73,164030073,225138427,23699,N,1,60,201903
20190111,20190110,73,164030073,225330317,23698,N,1,61,201903
20190111,20190110,73,164030073,231946537,23710,N,10,62,201903
20190111,20190110,73,164030073,232924686,23705,N,2,63,201903
20190111,20190110,73,164030073,233412541,23715,N,7,64,201903
20190111,20190110,73,164030073,233412542,23714,N,10,65,201903
20190111,20190110,73,164030073,233421174,23698,N,9,66,201903
20190111,20190110,73,164030073,233500752,23685,N,5,67,201903
20190111,20190110,73,164030073,233757683,23703,N,1,68,201903
20190111,20190110,73,164030073,234547960,23684,N,10,69,201903
20190111,20190110,73,164030073,234828563,23656,N,1,70,201903
20190111,20190110,73,164030073,234908704,23650,N,4,71,201903
20190111,20190110,73,164030073,234908705,23643,N,3,72,201903
20190111,20190110,73,164030073,234943834,23650,N,1,73,201903
20190111,20190110,73,164030073,235431295,23656,N,5,74,201903
20190111,20190110,73,164030073,235441127,23654,N,6,75,201903
20190111,20190110,73,164030073,235521826,23656,N,8,76,201903
20190111,20190110,73,164030073,235521831,23655,N,10,77,201903
20190111,20190110,73,164030073,235600365,23641,N,10,78,201903
20190111,20190110,73,164030073,235643982,23650,N,1,79,201903
20190111,20190110,73,164030073,000054847,23702,N,10,80,201903
20190111,20190110,73,164030073,000255070,23711,N,20,81,201903
20190111,20190110,73,164030073,001612523,23684,N,10,82,201903
20190111,20190110,73,164030073,001716492,23685,N,10,83,201903
20190111,20190110,73,164030073,002308335,23750,N,1,84,201903
20190111,20190110,73,164030073,002937799,23772,N,2,85,201903
20190111,20190110,73,164030073,003408185,23791,N,1,86,201903
20190111,20190110,73,164030073,003409188,23788,N,1,87,201903
20190111,20190110,73,164030073,004508092,23790,N,1,88,201903
20190111,20190110,73,164030073,005121098,23805,N,1,89,201903
20190111,20190110,73,164030073,005324190,23803,N,3,90,201903
20190111,20190110,73,164030073,005707715,23800,N,1,91,201903
20190111,20190110,73,164030073,005827207,23815,N,5,92,201903
20190111,20190110,73,164030073,005913908,23814,N,1,93,201903
20190111,20190110,73,164030073,005919695,23812,N,1,94,201903
20190111,20190110,73,164030073,010631487,23830,N,3,95,201903
20190111,20190110,73,164030073,010631489,23838,N,1,96,201903
20190111,20190110,73,164030073,010631489,23838,N,2,97,201903
20190111,20190110,73,164030073,011333894,23850,N,4,98,201903
20190111,20190110,73,164030073,011634218,23855,N,1,99,201903
20190111,20190110,73,164030073,015025720,23850,N,1,100,201903
20190111,20190110,73,164030073,023551958,23860,N,1,101,201903
20190111,20190110,73,164030073,023651293,23857,N,1,102,201903
20190111,20190110,73,164030073,024338568,23830,N,10,103,201903
20190111,20190110,73,164030073,024915703,23897,N,1,104,201903
20190111,20190110,73,164030073,024915714,23900,N,11,105,201903
20190111,20190110,73,164030073,024917313,23906,N,1,106,201903
20190111,20190110,73,164030073,025142958,23915,N,1,107,201903
20190111,20190110,73,164030073,030315907,23847,N,10,108,201903
20190111,20190110,73,164030073,030315968,23844,N,10,109,201903
20190111,20190110,73,164030073,030708590,23805,N,11,110,201903
20190111,20190110,73,164030073,030713422,23803,N,1,111,201903
20190111,20190110,73,164030073,030724513,23780,N,11,112,201903
20190111,20190110,73,164030073,030742748,23793,N,2,113,201903
20190111,20190110,73,164030073,030921032,23781,N,1,114,201903
20190111,20190110,73,164030073,031003387,23771,N,1,115,201903
20190111,20190110,73,164030073,031513570,23751,N,1,116,201903
20190111,20190110,73,164030073,031534941,23754,N,10,117,201903
20190111,20190110,73,164030073,031950713,23761,N,1,118,201903
20190111,20190110,73,164030073,033110940,23792,N,10,119,201903
20190111,20190110,73,164030073,034231129,23743,N,9,120,201903
20190111,20190110,73,164030073,034326101,23745,N,10,121,201903
20190111,20190110,73,164030073,034334912,23748,N,7,122,201903
20190111,20190110,73,164030073,040040463,23825,N,1,123,201903
20190111,20190110,73,164030073,040102327,23846,N,11,124,201903
20190111,20190110,73,164030073,040102327,23847,N,11,125,201903
20190111,20190110,73,164030073,040102327,23848,N,8,126,201903
20190111,20190110,73,164030073,040537948,23869,N,1,127,201903
20190111,20190110,73,164030073,042221792,23915,N,10,128,201903
20190111,20190110,73,164030073,042221983,23920,N,1,129,201903
20190111,20190110,73,164030073,042246407,23915,N,1,130,201903
20190111,20190110,73,164030073,045500109,23834,N,10,131,201903
20190111,20190110,73,164030073,050854315,23891,N,1,132,201903
20190111,20190110,73,164030073,050920659,23881,E,10,133,201903
20190111,20190111,73,164030073,084719393,23891,O,3,134,201903
20190111,20190111,73,164030073,084720513,23885,N,1,135,201903
20190111,20190111,73,164030073,084844532,23884,N,1,136,201903
20190111,20190111,73,164030073,085020757,23892,N,1,137,201903
20190111,20190111,73,164030073,085036514,23888,N,1,138,201903
20190111,20190111,73,164030073,085154214,23886,N,1,139,201903
20190111,20190111,73,164030073,085538259,23891,N,1,140,201903
20190111,20190111,73,164030073,085938845,23895,N,1,141,201903
20190111,20190111,73,164030073,090003189,23900,N,1,142,201903
20190111,20190111,73,164030073,090031740,23902,N,2,143,201903
20190111,20190111,73,164030073,090537481,23905,N,3,144,201903
20190111,20190111,73,164030073,090702584,23916,N,1,145,201903
20190111,20190111,73,164030073,090726158,23914,N,1,146,201903
20190111,20190111,73,164030073,090901918,23919,N,2,147,201903
20190111,20190111,73,164030073,091508055,23913,N,1,148,201903
20190111,20190111,73,164030073,091534516,23920,N,1,149,201903
20190111,20190111,73,164030073,091544254,23931,N,2,150,201903
20190111,20190111,73,164030073,091600174,23933,N,1,151,201903
20190111,20190111,73,164030073,092244662,23922,N,1,152,201903
20190111,20190111,73,164030073,095553560,23922,N,1,153,201903
20190111,20190111,73,164030073,100635315,23923,N,1,154,201903
20190111,20190111,73,164030073,101859814,23920,N,1,155,201903
20190111,20190111,73,164030073,102103889,23913,N,1,156,201903
20190111,20190111,73,164030073,102503580,23900,N,1,157,201903
20190111,20190111,73,164030073,103039195,23890,N,1,158,201903
20190111,20190111,73,164030073,103055885,23880,N,1,159,201903
20190111,20190111,73,164030073,103154877,23873,N,3,160,201903
20190111,20190111,73,164030073,105020498,23909,N,10,161,201903
20190111,20190111,73,164030073,105238559,23901,N,1,162,201903
20190111,20190111,73,164030073,110520587,23906,N,10,163,201903
20190111,20190111,73,164030073,111339274,23884,N,2,164,201903
20190111,20190111,73,164030073,111511864,23886,N,1,165,201903
20190111,20190111,73,164030073,111937375,23875,N,1,166,201903
20190111,20190111,73,164030073,112620693,23875,N,1,167,201903
20190111,20190111,73,164030073,112728078,23873,N,1,168,201903
20190111,20190111,73,164030073,113001272,23886,N,1,169,201903
20190111,20190111,73,164030073,113810420,23885,N,1,170,201903
20190111,20190111,73,164030073,115220394,23882,N,1,171,201903
20190111,20190111,73,164030073,115640780,23894,N,1,172,201903
20190111,20190111,73,164030073,121450667,23888,N,5,173,201903
20190111,20190111,73,164030073,122515328,23900,N,11,174,201903
20190111,20190111,73,164030073,122740144,23906,N,5,175,201903
20190111,20190111,73,164030073,123508620,23902,N,1,176,201903
20190111,20190111,73,164030073,130726040,23901,N,10,177,201903
20190111,20190111,73,164030073,132916680,23912,N,1,178,201903
20190111,20190111,73,164030073,135300782,23912,N,1,179,201903
20190111,20190111,73,164030073,142840779,23905,N,1,180,201903
20190111,20190111,73,164030073,143248435,23905,N,1,181,201903
20190111,20190111,73,164030073,143420269,23903,N,1,182,201903
20190111,20190111,73,164030073,143537381,23902,N,1,183,201903
20190111,20190111,73,164030073,143559881,23906,N,1,184,201903
20190111,20190111,73,164030073,143638972,23905,N,1,185,201903
20190111,20190111,73,164030073,143720819,23900,N,5,186,201903
20190111,20190111,73,164030073,144514175,23894,N,2,187,201903
20190111,20190111,73,164030073,150825075,23900,N,5,188,201903
20190111,20190111,73,164030073,151501008,23876,E,1,189,201903
20190115,20190111,73,164030073,171321974,23907,O,2,1,201903
20190115,20190111,73,164030073,171642127,23900,N,1,2,201903
20190115,20190111,73,164030073,172151390,23911,N,1,3,201903
20190115,20190111,73,164030073,172718119,23912,N,1,4,201903
20190115,20190111,73,164030073,173127994,23916,N,1,5,201903
20190115,20190111,73,164030073,174936837,23934,N,1,6,201903
20190115,20190111,73,164030073,175310995,23940,N,1,7,201903
20190115,20190111,73,164030073,175310996,23945,N,1,8,201903
20190115,20190111,73,164030073,175558897,23950,N,2,9,201903
20190115,20190111,73,164030073,175904792,23950,N,1,10,201903
20190115,20190111,73,164030073,180421205,23942,N,1,11,201903
20190115,20190111,73,164030073,181959435,23942,N,1,12,201903
20190115,20190111,73,164030073,183904653,23950,N,1,13,201903
20190115,20190111,73,164030073,190140915,23928,N,1,14,201903
20190115,20190111,73,164030073,193457945,23890,N,1,15,201903
20190115,20190111,73,164030073,193644388,23880,N,4,16,201903
20190115,20190111,73,164030073,200101855,23915,N,1,17,201903
20190115,20190111,73,164030073,200942956,23922,N,1,18,201903
20190115,20190111,73,164030073,201420611,23913,N,1,19,201903
20190115,20190111,73,164030073,210401454,23875,N,1,20,201903
20190115,20190111,73,164030073,211254537,23865,N,1,21,201903
20190115,20190111,73,164030073,213712463,23895,N,1,22,201903
20190115,20190111,73,164030073,213958989,23895,N,1,23,201903
20190115,20190111,73,164030073,220557626,23855,N,1,24,201903
20190115,20190111,73,164030073,220614378,23855,N,1,25,201903
20190115,20190111,73,164030073,220618358,23854,N,1,26,201903
20190115,20190111,73,164030073,220634394,23852,N,1,27,201903
20190115,20190111,73,164030073,220958377,23844,N,1,28,201903
20190115,20190111,73,164030073,221000453,23839,N,20,29,201903
20190115,20190111,73,164030073,221000455,23838,N,10,30,201903
20190115,20190111,73,164030073,221000505,23843,N,6,31,201903
20190115,20190111,73,164030073,221000573,23841,N,10,32,201903
20190115,20190111,73,164030073,221711525,23841,N,3,33,201903
20190115,20190111,73,164030073,222259139,23846,N,1,34,201903
20190115,20190111,73,164030073,222404787,23855,N,2,35,201903
20190115,20190111,73,164030073,222928495,23853,N,5,36,201903
20190115,20190111,73,164030073,222934425,23852,N,5,37,201903
20190115,20190111,73,164030073,223455941,23865,N,3,38,201903
20190115,20190111,73,164030073,223839851,23841,N,1,39,201903
20190115,20190111,73,164030073,223951203,23838,N,4,40,201903
20190115,20190111,73,164030073,224026273,23836,N,1,41,201903
20190115,20190111,73,164030073,224335825,23834,N,1,42,201903
20190115,20190111,73,164030073,224432492,23836,N,1,43,201903
20190115,20190111,73,164030073,224436116,23837,N,1,44,201903
20190115,20190111,73,164030073,224747825,23840,N,1,45,201903
20190115,20190111,73,164030073,225756157,23846,N,10,46,201903
20190115,20190111,73,164030073,225931374,23850,N,1,47,201903
20190115,20190111,73,164030073,230906100,23856,N,1,48,201903
20190115,20190111,73,164030073,232624921,23830,N,10,49,201903
20190115,20190111,73,164030073,233003161,23831,N,10,50,201903
20190115,20190111,73,164030073,233013201,23815,N,10,51,201903
20190115,20190111,73,164030073,233044931,23810,N,10,52,201903
20190115,20190111,73,164030073,233051706,23810,N,11,53,201903
20190115,20190111,73,164030073,233538284,23819,N,1,54,201903
20190115,20190111,73,164030073,233655473,23800,N,1,55,201903
20190115,20190111,73,164030073,233759898,23804,N,10,56,201903
20190115,20190111,73,164030073,233853614,23801,N,10,57,201903
20190115,20190111,73,164030073,234421560,23771,N,1,58,201903
20190115,20190111,73,164030073,234500359,23784,N,10,59,201903
20190115,20190111,73,164030073,234525559,23792,N,1,60,201903
20190115,20190111,73,164030073,234649318,23800,N,2,61,201903
20190115,20190111,73,164030073,234652015,23794,N,1,62,201903
20190115,20190111,73,164030073,234715655,23791,N,1,63,201903
20190115,20190111,73,164030073,235116138,23755,N,1,64,201903
20190115,20190111,73,164030073,235210846,23745,N,1,65,201903
20190115,20190111,73,164030073,235210979,23746,N,1,66,201903
20190115,20190111,73,164030073,235349658,23763,N,1,67,201903
20190115,20190111,73,164030073,235447846,23747,N,1,68,201903
20190115,20190111,73,164030073,235553478,23735,N,8,69,201903
20190115,20190111,73,164030073,235935092,23780,N,10,70,201903
20190115,20190111,73,164030073,000007198,23785,N,1,71,201903
20190115,20190111,73,164030073,000143500,23787,N,21,72,201903
20190115,20190111,73,164030073,000214653,23781,N,1,73,201903
20190115,20190111,73,164030073,000323329,23806,N,1,74,201903
20190115,20190111,73,164030073,000439150,23801,N,1,75,201903
20190115,20190111,73,164030073,000628896,23790,N,1,76,201903
20190115,20190111,73,164030073,001829960,23775,N,5,77,201903
20190115,20190111,73,164030073,001856791,23793,N,10,78,201903
20190115,20190111,73,164030073,002040904,23774,N,1,79,201903
20190115,20190111,73,164030073,002239224,23776,N,1,80,201903
20190115,20190111,73,164030073,002956517,23745,N,1,81,201903
20190115,20190111,73,164030073,003013095,23742,N,10,82,201903
20190115,20190111,73,164030073,003301862,23751,N,1,83,201903
20190115,20190111,73,164030073,003530755,23775,N,10,84,201903
20190115,20190111,73,164030073,003530764,23776,N,10,85,201903
20190115,20190111,73,164030073,004057491,23776,N,4,86,201903
20190115,20190111,73,164030073,005008604,23800,N,4,87,201903
20190115,20190111,73,164030073,005634686,23837,N,21,88,201903
20190115,20190111,73,164030073,005655055,23840,N,1,89,201903
20190115,20190111,73,164030073,005933793,23842,N,1,90,201903
20190115,20190111,73,164030073,005934389,23847,N,10,91,201903
20190115,20190111,73,164030073,005945958,23848,N,1,92,201903
20190115,20190111,73,164030073,010009073,23854,N,1,93,201903
20190115,20190111,73,164030073,012038676,23829,N,1,94,201903
20190115,20190111,73,164030073,012612858,23819,N,10,95,201903
20190115,20190111,73,164030073,012934288,23829,N,1,96,201903
20190115,20190111,73,164030073,015832959,23867,N,1,97,201903
20190115,20190111,73,164030073,020159124,23879,N,10,98,201903
20190115,20190111,73,164030073,020738916,23896,N,1,99,201903
20190115,20190111,73,164030073,022519808,23885,N,1,100,201903
20190115,20190111,73,164030073,023336383,23900,N,2,101,201903
20190115,20190111,73,164030073,023519453,23895,N,1,102,201903
20190115,20190111,73,164030073,023914974,23910,N,15,103,201903
20190115,20190111,73,164030073,030416764,23860,N,10,104,201903
20190115,20190111,73,164030073,030416765,23859,N,10,105,201903
20190115,20190111,73,164030073,031306001,23850,N,1,106,201903
20190115,20190111,73,164030073,034110710,23854,N,10,107,201903
20190115,20190111,73,164030073,040055864,23844,N,10,108,201903
20190115,20190111,73,164030073,043737675,23888,N,1,109,201903
20190115,20190111,73,164030073,044900014,23872,N,1,110,201903
20190115,20190111,73,164030073,044942779,23867,N,1,111,201903
20190115,20190111,73,164030073,050613614,23870,N,1,112,201903
20190115,20190111,73,164030073,051024516,23885,N,1,113,201903
20190115,20190111,73,164030073,051238320,23890,N,1,114,201903
20190115,20190111,73,164030073,051750901,23879,N,1,115,201903
20190115,20190111,73,164030073,051753166,23870,N,1,116,201903
20190115,20190111,73,164030073,051753223,23880,N,1,117,201903
20190115,20190111,73,164030073,053001020,23875,E,2,118,201903
20190115,20190115,73,164030073,084501050,23837,O,2,119,201903
20190115,20190115,73,164030073,084711055,23849,N,1,120,201903
20190115,20190115,73,164030073,084737042,23849,N,1,121,201903
20190115,20190115,73,164030073,084846003,23850,N,3,122,201903
20190115,20190115,73,164030073,085033986,23851,N,1,123,201903
20190115,20190115,73,164030073,090415264,23853,N,1,124,201903
20190115,20190115,73,164030073,090538752,23866,N,1,125,201903
20190115,20190115,73,164030073,091204365,23867,N,1,126,201903
20190115,20190115,73,164030073,091328328,23869,N,1,127,201903
20190115,20190115,73,164030073,091348767,23874,N,1,128,201903
20190115,20190115,73,164030073,091348810,23880,N,1,129,201903
20190115,20190115,73,164030073,091801418,23886,N,1,130,201903
20190115,20190115,73,164030073,091814647,23888,N,1,131,201903
20190115,20190115,73,164030073,092723676,23900,N,3,132,201903
20190115,20190115,73,164030073,092724300,23906,N,1,133,201903
20190115,20190115,73,164030073,093223253,23899,N,2,134,201903
20190115,20190115,73,164030073,093954691,23884,N,1,135,201903
20190115,20190115,73,164030073,093955075,23883,N,1,136,201903
20190115,20190115,73,164030073,094446586,23900,N,2,137,201903
20190115,20190115,73,164030073,094635920,23903,N,1,138,201903
20190115,20190115,73,164030073,094805135,23900,N,10,139,201903
20190115,20190115,73,164030073,095209794,23897,N,1,140,201903
20190115,20190115,73,164030073,095851783,23893,N,1,141,201903
20190115,20190115,73,164030073,100240712,23895,N,10,142,201903
20190115,20190115,73,164030073,100933588,23903,N,10,143,201903
20190115,20190115,73,164030073,101114973,23908,N,2,144,201903
20190115,20190115,73,164030073,101116163,23915,N,22,145,201903
20190115,20190115,73,164030073,101116425,23927,N,1,146,201903
20190115,20190115,73,164030073,101117398,23950,N,11,147,201903
20190115,20190115,73,164030073,101117671,23967,N,1,148,201903
20190115,20190115,73,164030073,101117675,23967,N,1,149,201903
20190115,20190115,73,164030073,101433208,23956,N,1,150,201903
20190115,20190115,73,164030073,102535616,23934,N,11,151,201903
20190115,20190115,73,164030073,103151268,23945,N,10,152,201903
20190115,20190115,73,164030073,104127861,23960,N,5,153,201903
20190115,20190115,73,164030073,104212245,23978,N,1,154,201903
20190115,20190115,73,164030073,104212248,23980,N,2,155,201903
20190115,20190115,73,164030073,105115086,23967,N,4,156,201903
20190115,20190115,73,164030073,105115208,23965,N,6,157,201903
20190115,20190115,73,164030073,105336684,23968,N,1,158,201903
20190115,20190115,73,164030073,105416050,23965,N,11,159,201903
20190115,20190115,73,164030073,105517327,23960,N,10,160,201903
20190115,20190115,73,164030073,105802420,23958,N,5,161,201903
20190115,20190115,73,164030073,105811518,23958,N,5,162,201903
20190115,20190115,73,164030073,110705160,23994,N,22,163,201903
20190115,20190115,73,164030073,110737459,23994,N,1,164,201903
20190115,20190115,73,164030073,110801343,23994,N,20,165,201903
20190115,20190115,73,164030073,113035923,23980,N,1,166,201903
20190115,20190115,73,164030073,114137890,23970,N,2,167,201903
20190115,20190115,73,164030073,114738005,23971,N,10,168,201903
20190115,20190115,73,164030073,115341548,23977,N,3,169,201903
20190115,20190115,73,164030073,120918984,23998,N,1,170,201903
20190115,20190115,73,164030073,120952660,24000,N,7,171,201903
20190115,20190115,73,164030073,120952661,24006,N,2,172,201903
20190115,20190115,73,164030073,120952661,24006,N,2,173,201903
20190115,20190115,73,164030073,123550625,23982,N,1,174,201903
20190115,20190115,73,164030073,123809408,23983,N,10,175,201903
20190115,20190115,73,164030073,125118877,23992,N,1,176,201903
20190115,20190115,73,164030073,125858659,23988,N,1,177,201903
20190115,20190115,73,164030073,125950562,23990,N,1,178,201903
20190115,20190115,73,164030073,130124951,23992,N,1,179,201903
20190115,20190115,73,164030073,130344178,23995,N,1,180,201903
20190115,20190115,73,164030073,130949007,23992,N,2,181,201903
20190115,20190115,73,164030073,131030705,23995,N,1,182,201903
20190115,20190115,73,164030073,134105147,23994,N,1,183,201903
20190115,20190115,73,164030073,135337056,23989,N,1,184,201903
20190115,20190115,73,164030073,140805372,23980,N,1,185,201903
20190115,20190115,73,164030073,142313282,23990,N,1,186,201903
20190115,20190115,73,164030073,144110001,23980,N,10,187,201903
20190115,20190115,73,164030073,144117960,23979,N,10,188,201903
20190115,20190115,73,164030073,144145804,23980,N,10,189,201903
20190115,20190115,73,164030073,144150782,23979,N,10,190,201903
20190115,20190115,73,164030073,144207438,23979,N,10,191,201903
20190115,20190115,73,164030073,144848705,23987,N,10,192,201903
20190115,20190115,73,164030073,144848705,23986,N,11,193,201903
20190115,20190115,73,164030073,144902715,23986,N,10,194,201903
20190115,20190115,73,164030073,144932045,23984,N,10,195,201903
20190115,20190115,73,164030073,145449820,24000,N,11,196,201903
20190115,20190115,73,164030073,145450021,24000,N,2,197,201903
20190115,20190115,73,164030073,145549218,24002,N,10,198,201903
20190115,20190115,73,164030073,145629841,24004,N,1,199,201903
20190115,20190115,73,164030073,145637666,24010,N,1,200,201903
20190115,20190115,73,164030073,145637753,24026,N,10,201,201903
20190115,20190115,73,164030073,145951300,24006,N,1,202,201903
20190115,20190115,73,164030073,150141529,24000,N,1,203,201903
20190115,20190115,73,164030073,150600581,24000,E,1,204,201903
20190115,20190115,73,164090073,145338623,23992,O,1,205,201909
20190115,20190115,73,164120073,144333629,23983,O,1,206,201912
20190116,20190115,73,164030073,163138756,23963,O,1,1,201903
20190116,20190115,73,164030073,163556181,23972,N,1,2,201903
20190116,20190115,73,164030073,163836153,23967,N,10,3,201903
20190116,20190115,73,164030073,164034306,23958,N,10,4,201903
20190116,20190115,73,164030073,165145426,23950,N,1,5,201903
20190116,20190115,73,164030073,165822178,23964,N,1,6,201903
20190116,20190115,73,164030073,170256703,23981,N,1,7,201903
20190116,20190115,73,164030073,173019945,23947,N,10,8,201903
20190116,20190115,73,164030073,173348612,23940,N,1,9,201903
20190116,20190115,73,164030073,173631118,23939,N,1,10,201903
20190116,20190115,73,164030073,173742064,23942,N,2,11,201903
20190116,20190115,73,164030073,174003457,23943,N,1,12,201903
20190116,20190115,73,164030073,174229425,23943,N,1,13,201903
20190116,20190115,73,164030073,174346841,23946,N,1,14,201903
20190116,20190115,73,164030073,174556214,23950,N,1,15,201903
20190116,20190115,73,164030073,174650754,23954,N,1,16,201903
20190116,20190115,73,164030073,175432563,23947,N,11,17,201903
20190116,20190115,73,164030073,181722023,23914,N,1,18,201903
20190116,20190115,73,164030073,182539607,23920,N,1,19,201903
20190116,20190115,73,164030073,182823507,23920,N,1,20,201903
20190116,20190115,73,164030073,183001281,23919,N,1,21,201903
20190116,20190115,73,164030073,183507425,23919,N,1,22,201903
20190116,20190115,73,164030073,183735745,23914,N,1,23,201903
20190116,20190115,73,164030073,185154201,23895,N,10,24,201903
20190116,20190115,73,164030073,185154202,23893,N,1,25,201903
20190116,20190115,73,164030073,185454534,23894,N,1,26,201903
20190116,20190115,73,164030073,190227229,23896,N,1,27,201903
20190116,20190115,73,164030073,190301986,23900,N,1,28,201903
20190116,20190115,73,164030073,191846611,23909,N,1,29,201903
20190116,20190115,73,164030073,192635896,23904,N,1,30,201903
20190116,20190115,73,164030073,195636092,23920,N,1,31,201903
20190116,20190115,73,164030073,200456433,23928,N,1,32,201903
20190116,20190115,73,164030073,201208591,23927,N,1,33,201903
20190116,20190115,73,164030073,201359716,23930,N,21,34,201903
20190116,20190115,73,164030073,202939870,23923,N,1,35,201903
20190116,20190115,73,164030073,203501645,23931,N,11,36,201903
20190116,20190115,73,164030073,204243090,23950,N,1,37,201903
20190116,20190115,73,164030073,204649683,23941,N,20,38,201903
20190116,20190115,73,164030073,205200222,23901,N,1,39,201903
20190116,20190115,73,164030073,205612643,23861,N,11,40,201903
20190116,20190115,73,164030073,205612646,23858,N,10,41,201903
20190116,20190115,73,164030073,205846433,23859,N,1,42,201903
20190116,20190115,73,164030073,213749542,23825,N,10,43,201903
20190116,20190115,73,164030073,213749809,23824,N,1,44,201903
20190116,20190115,73,164030073,213856619,23830,N,10,45,201903
20190116,20190115,73,164030073,213917560,23830,N,10,46,201903
20190116,20190115,73,164030073,214143229,23827,N,10,47,201903
20190116,20190115,73,164030073,214149407,23829,N,10,48,201903
20190116,20190115,73,164030073,214150875,23829,N,10,49,201903
20190116,20190115,73,164030073,214151786,23829,N,10,50,201903
20190116,20190115,73,164030073,214154048,23830,N,10,51,201903
20190116,20190115,73,164030073,214155023,23828,N,10,52,201903
20190116,20190115,73,164030073,214156243,23830,N,10,53,201903
20190116,20190115,73,164030073,214157163,23829,N,10,54,201903
20190116,20190115,73,164030073,214613351,23824,N,10,55,201903
20190116,20190115,73,164030073,215202437,23823,N,1,56,201903
20190116,20190115,73,164030073,215250724,23820,N,21,57,201903
20190116,20190115,73,164030073,215301855,23823,N,11,58,201903
20190116,20190115,73,164030073,215303186,23823,N,2,59,201903
20190116,20190115,73,164030073,215354167,23823,N,6,60,201903
20190116,20190115,73,164030073,215356365,23824,N,20,61,201903
20190116,20190115,73,164030073,215519011,23827,N,5,62,201903
20190116,20190115,73,164030073,215740228,23827,N,1,63,201903
20190116,20190115,73,164030073,220723743,23838,N,1,64,201903
20190116,20190115,73,164030073,221747138,23841,N,3,65,201903
20190116,20190115,73,164030073,223154412,23800,N,1,66,201903
20190116,20190115,73,164030073,223256442,23798,N,3,67,201903
20190116,20190115,73,164030073,224748836,23808,N,2,68,201903
20190116,20190115,73,164030073,225026137,23802,N,2,69,201903
20190116,20190115,73,164030073,225501152,23807,N,2,70,201903
20190116,20190115,73,164030073,225716390,23809,N,1,71,201903
20190116,20190115,73,164030073,225726018,23807,N,1,72,201903
20190116,20190115,73,164030073,230310097,23820,N,1,73,201903
20190116,20190115,73,164030073,230848610,23818,N,10,74,201903
20190116,20190115,73,164030073,233142374,23848,N,10,75,201903
20190116,20190115,73,164030073,233142495,23845,N,6,76,201903
20190116,20190115,73,164030073,233147821,23845,N,10,77,201903
20190116,20190115,73,164030073,233337464,23840,N,1,78,201903
20190116,20190115,73,164030073,233346255,23837,N,1,79,201903
20190116,20190115,73,164030073,233356161,23835,N,1,80,201903
20190116,20190115,73,164030073,233634683,23859,N,10,81,201903
20190116,20190115,73,164030073,233700187,23893,N,4,82,201903
20190116,20190115,73,164030073,233709378,23884,N,10,83,201903
20190116,20190115,73,164030073,233735051,23885,N,1,84,201903
20190116,20190115,73,164030073,233859872,23885,N,1,85,201903
20190116,20190115,73,164030073,233916930,23886,N,10,86,201903
20190116,20190115,73,164030073,234020189,23896,N,1,87,201903
20190116,20190115,73,164030073,234418634,23901,N,1,88,201903
20190116,20190115,73,164030073,234536834,23911,N,1,89,201903
20190116,20190115,73,164030073,235113708,23909,N,1,90,201903
20190116,20190115,73,164030073,235113711,23910,N,1,91,201903
20190116,20190115,73,164030073,235233106,23880,N,10,92,201903
20190116,20190115,73,164030073,235233107,23879,N,10,93,201903
20190116,20190115,73,164030073,235321495,23883,N,3,94,201903
20190116,20190115,73,164030073,000021551,23920,N,10,95,201903
20190116,20190115,73,164030073,000021552,23921,N,10,96,201903
20190116,20190115,73,164030073,000021566,23926,N,1,97,201903
20190116,20190115,73,164030073,000021752,23927,N,10,98,201903
20190116,20190115,73,164030073,000138518,23954,N,4,99,201903
20190116,20190115,73,164030073,000211790,23973,N,10,100,201903
20190116,20190115,73,164030073,000239762,23970,N,1,101,201903
20190116,20190115,73,164030073,000301442,23970,N,1,102,201903
20190116,20190115,73,164030073,000814021,23959,N,9,103,201903
20190116,20190115,73,164030073,000956872,23937,N,9,104,201903
20190116,20190115,73,164030073,001115878,23900,N,13,105,201903
20190116,20190115,73,164030073,001126793,23900,N,1,106,201903
20190116,20190115,73,164030073,001205413,23893,N,1,107,201903
20190116,20190115,73,164030073,001516972,23860,N,4,108,201903
20190116,20190115,73,164030073,001522688,23850,N,10,109,201903
20190116,20190115,73,164030073,001711418,23850,N,10,110,201903
20190116,20190115,73,164030073,001711623,23850,N,5,111,201903
20190116,20190115,73,164030073,001852095,23853,N,10,112,201903
20190116,20190115,73,164030073,002235944,23830,N,10,113,201903
20190116,20190115,73,164030073,002425187,23850,N,1,114,201903
20190116,20190115,73,164030073,002433427,23849,N,1,115,201903
20190116,20190115,73,164030073,002434215,23851,N,1,116,201903
20190116,20190115,73,164030073,003053586,23849,N,1,117,201903
20190116,20190115,73,164030073,004516063,23928,N,1,118,201903
20190116,20190115,73,164030073,004610263,23913,N,3,119,201903
20190116,20190115,73,164030073,004618527,23914,N,1,120,201903
20190116,20190115,73,164030073,004619808,23912,N,10,121,201903
20190116,20190115,73,164030073,004805723,23900,N,10,122,201903
20190116,20190115,73,164030073,004805823,23900,N,10,123,201903
20190116,20190115,73,164030073,005513683,23933,N,1,124,201903
20190116,20190115,73,164030073,005623679,23929,N,1,125,201903
20190116,20190115,73,164030073,005625318,23907,N,10,126,201903
20190116,20190115,73,164030073,010217611,23948,N,2,127,201903
20190116,20190115,73,164030073,010507458,23955,N,1,128,201903
